1826 3236
527 184 673 225 CAT.
700 184 768 226 IN
799 185 1003 229 CATH.
1025 185 1232 228 EPIST.

145 298 215 353 78,
233 297 302 340 28.
323 297 396 350 τὴν
416 300 486 339 τοῦ
505 298 638 355 Θεοῦ]
661 301 731 340 τοῦ
752 302 863 341 Θεοῦ

199 355 285 408 τὴν.

144 415 391 468 79,17.διὰ
410 413 479 472 τὸ]
503 415 550 456 δὶ.

143 481 215 528 79,
237 484 306 528 19.
325 471 462 529 μόγις]
484 474 614 526 μόλις.

145 540 216 586 79,
241 542 309 586 25.
342 531 599 589 ἁμαρτωλὸς]
629 531 864 585 ἁμαρτωλὸς

203 589 282 630 καὶ.

146 655 215 700 79.
240 645 295 688 ad
322 662 427 688 vers,
454 648 519 688 18.
550 647 664 688 Ἀντὶ
696 648 767 688 τοῦ
798 664 865 688 κα-

202 703 313 761 μάτῳ
336 705 401 747 καὶ
421 706 566 759 θλίψει
583 707 731 758 πολλῇ.

146 762 217 811 80,
237 774 281 818 5.
301 764 444 818 ποιῶν]
469 767 600 805 ποεῖν.

145 821 217 868 80,
253 819 321 861 18.
355 821 460 878 Τοῦ]
502 824 587 862 Τοῦ
627 821 746 874 ἁγίου
784 819 864 862 Ἰω.

203 894 290 920 του.

147 936 219 986 80,
243 948 310 993 19.
333 935 449 978 ἔσται
467 934 628 1009 ὑμῖν]”
606 953 711 977 εστω
729 937 852 988 ὑμῶν.

147 994 218 1042 80,
242 1005 314 1036 20.
337 994 573 1067 ἓμαυτὸν](
556 993 715 1036 εαυτὸν.

148 1052 222 1103 81,
242 1063 286 1108 5.
303 1051 445 1108 αὐτοῦ]
467 1056 595 1106 Χρυσ.

147 1111 219 1159 81,
245 1123 312 1152 10.
345 1110 625 1167 Κυβερνήτην]
655 1112 866 1164 Θεοδωρη-

204 1171 290 1210 τοῦ.
322 1168 598 1223 Κυβερνήτην.

148 1225 219 1275 81,
245 1239 314 1269 10.
354 1225 638 1283 Κυβερνήτην]
683 1226 866 1279 Κυβενή-

205 1301 292 1338 την.

148 1343 219 1391 81,
244 1353 314 1397 17.
333 1341 510 1398 Ἲστεόν]
535 1344 661 1385 Toss‘
641 1343 759 1397 αγίου
783 1343 866 1385 Kv-

202 1401 360 1455 ρίλλου.
390 1400 563 1443 Ἰστέον.

147 1458 218 1508 81,
246 1459 314 1501 18.
336 1458 541 1516 χαλεπὸν]
565 1458 849 1515 παγχάλεπον.

147 1518 219 1566 81,
246 1530 311 1574 19.
331 1517 488 1575 λέγων]
510 1517 635 1572 λέγω.

147 1574 218 1624 81,
239 1588 312 1632 30.
334 1577 519 1631 ἐκτικότι]
546 1577 737 1626 ἔκτηκότι.

145 1634 216 1682 81,
237 1646 312 1690 31.
334 1634 551 1692 ἀποκαλεῖ]
574 1635 810 1677 ἀποκαλεῖν.

145 1692 217 1741 82,
238 1705 282 1748 5.
321 1691 622 1748 ἑμανθάνομεν]
661 1691 864 1746 μανθάνο-

148 1767 294 1862 82Ῐιῗῗ
307 1808 465 1866 ἐλθεῖν]
487 1809 626 1850 ἐλθεῖν
646 1807 739 1850 ἔδει.

148 1866 219 1914 82,
241 1867 283 1909 8.
302 1865 484 1921 μέτριον]
507 1865 671 1920 μέτρον.

149 1925 219 1972 82,
244 1936 315 1966 21.
337 1924 426 1979 τὸν]
452 1939 535 1965 om.
717 1938 721 1939 ⁷

148 1982 220 2030 82,
243 1994 314 2026 22.
334 1983 423 2038 τοῦ]
448 1985 519 2024 τοῦ
537 1982 625 2024 υἱοῦ
645 1981 778 2023 αὐτοῦ.

148 2041 219 2095 83,
255 2052 298 2093 4.
338 2039 444 2097 Τοῦ]
490 2043 576 2082 Τοῦ
625 2039 742 2093 ἁγίου
785 2037 863 2080 Ἰω.

204 2115 289 2140 του.

147 2157 218 2210 84,
239 2167 283 2212 5.
305 2155 446 2214 αὐτοῦ]
470 2158 625 2198 ἑαυτοῦ.

147 2216 311 2271 84,,13.
334 2214 512 2272 ἀπατᾶν]
536 2216 730 2256 ἁπαντᾶν.

147 2274 220 2327 84,
243 2286 311 2327 17.
333 2272 420 2328 καὶ]
444 2274 488 2314 ἐκ
507 2272 594 2324 τὴν.

148 2331 218 2385 84,
243 2342 313 2373 20.
335 2330 455 2386 εἶναι]
482 2331 586 2372 εἶναι
602 2329 768 2374 πάντας.

148 2389 219 2446 85,
241 2401 308 2431 12.
327 2389 432 2446 Τοῦ]
454 2388 535 2430 ’.Ῑω
555 2391 637 2430 τοῦ.

149 2448 222 2504 85,
252 2459 320 2488 20.
364 2445 562 2501 καθάπερ]
608 2444 786 2499 καθάπερ
826 2462 863 2486 τι

207 2504 460 2557 συμβουλον.

150 2562 175 2604 8
176 2572 220 2619 5
246 2574 317 2605 21.
337 2561 502 2618 λέγετε]
526 2561 708 2616 λέγεται.

149 2621 220 2676 85,
237 2632 309 2675 32.
331 2619 555 2676 δυνάμεθα]
578 2620 794 2694 δυνάμεθα,

149 2678 220 2726 86,
246 2690 315 2732 13.
353 2677 459 2734 Τοῦ]
501 2681 586 2719 Τοῦ
629 2678 746 2731 ἁγίου
783 2675 861 2718 ’[ω.

206 2738 291 2777 τοῦ.

148 2793 224 2867 86,ε
240 2802 307 2864 15.
326 2793 421 2846 ἡμῖν
440 2793 487 2835 οὐ
505 2792 653 2850 μόνον]
676 2792 723 2834 οὐ
737 2794 864 2845 μόνον

148 2867 312 2965 ὃσῗῗέἶ
352 2909 455 2964 Τοῦ]
508 2912 594 2950 Τοῦ
632 2908 748 2962 ἁγίου
786 2909 864 2950 Ἰ...

207 2971 290 3009 τοῦ.

1542 189 1625 234 591

922 300 992 347 86,
1036 311 1105 353 24.
1162 301 1415 358 τειχίζωμεν]
1471 304 1637 358 τειχίζο-

978 374 1066 409 μεν.

924 416 993 462 86,
1019 428 1086 468 24.
1113 415 1399 474 προσέχωμεν]
1438 418 1640 475 προσέχο-

979 490 1068 525 μεν.

924 532 993 578 86,
1019 543 1042 571 2
1044 540 1088 587 5.
1109 533 1302 588 ποιῶμεν]
1328 536 1533 586 ποιοῦμεν.

924 590 994 636 86,
1019 598 1087 644 25.
1111 590 1344 647 ἆμελῶμεν]
1367 592 1605 645 ἆμελοῦμεν.

925 648 995 703 87,
1022 660 1087 688 10.
1109 648 1290 702 μείνητε]
1312 647 1473 701 μήνητε.

926 706 996 760 87
1020 716 1087 760 23.
1109 706 1247 762 ἀργία]
1272 707 1426 763 ἀργεία.

926 763 997 813 88,
1018 773 1061 819 5.
1084 764 1168 821 καὶ]
1192 765 1258 806 καὶ
1277 765 1476 818 θεότητος.

927 822 995 871 88,
1022 834 1089 862 10.
1125 823 1364 881 Κυρίλλου.]
1402 826 1486 865 Τοῦ
1526 823 1642 878 ἁγίου

985 854 1202 932 kvpmov.

926 938 995 980 88.
1024 950 1132 979 10-2
1136 947 1178 993 5
1222 938 1641 992 Κυρίλλου-ἆνατεί-

982 994 1057 1052 λῃ]
1074 993 1433 1050 Ἀρχεται-ἑῇς,

926 1053 997 1105 88,
1037 1054 1102 1095 16.
1145 1055 1256 1096 ἀλλὰ
1293 1055 1396 1111 τοῖς]
1439 1052 1531 1096 ἀλλ’
1575 1054 1643 1096 αὗ-

983 1128 1079 1155 τοις.

927 1170 996 1217 88,
1021 1181 1090 1211 20.
1126 1170 1149 1211 ὁ
1180 1170 1305 1224 λόγος
1334 1170 1446 1226 ἡμῖν]
1490 1171 1584 1223 ἡμῖν
1619 1172 1642 1212 ὁ

984 1228 1121 1282 λόγος.

927 1287 998 1336 88,
1017 1298 1089 1342 30.
1119 1285 1272 1344 Τοῦτο]
1303 1286 1642 1340 ΤοῦοΧρυσοστό·

982 1361 1074 1397 μου.
1104 1347 1248 1386 Τοῦτο.

926 1404 997 1459 89,
1023 1415 1060 1442 1.
1091 1401 1147 1443 ad
1175 1417 1216 1444 v.
1238 1401 1507 1456 προφητικὸν]
1541 1418 1641 1455 προ-

983 1461 1167 1533 φητικόν·
1215 1460 1287 1502 τὸν
1329 1459 1522 1512 Ἰωάννην
1565 1459 1642 1513 πρὸ

984 1518 1095 1571 ἡμῶν
1109 1520 1397 1572 μαρτυροῦντα

928 1577 997 1634 89,
1018 1589 1060 1632 3.
1092 1576 1332 1631 φωσφόρος]
1367 1575 1590 1630 φωσφόρος
1620 1575 1643 1616 ὁ

985 1634 1163 1688 Χριστὸς
1212 1635 1311 1686 ἔλθη
1360 1633 1426 1675 ἀπ’
1472 1633 1644 1687 οὐρανοῦ

982 1693 1167 1746 φωτίζων
1185 1692 1318 1734 πάντα
1337 1691 1561 1746 ἄνθρωπον.

925 1752 995 1808 89,
1019 1763 1090 1792 21.
1111 1751 1155 1805 ἡ]
1179 1764 1261 1792 om.

925 1809 996 1865 89,
1021 1810 1087 1851 26.
1108 1807 1446 1861 Ο-ἄνθρωπον.
1453 1806 1472 1860 ]
1493 1821 1575 1848 om.

927 1868 996 1923 89,
1021 1878 1092 1920 27.
1119 1864 1316 1920 ἄντικρυς]
1349 1864 1596 1918 Κυρίλλου”
1573 1881 1642 1906 αν-

983 1940 1151 1977 τικρους.

871 2000 877 2004 ·
926 1982 999 2038 89,
1023 1994 1097 2036 3ο.
1128 1979 1435 2035 ἀναμφιβόλως]
1468 1980 1642 2034 ἀναμφι-

983 2041 1131 2093 λόγως.

925 2111 997 2154 90,
1019 2099 1063 2138 6.
1094 2095 1380 2151 ὀνομασθεῖσι]
1403 2096 1642 2148 ὀνομασθεῖ-

984 2172 1028 2197 σι
1045 2154 1279 2208 προφήταις.

924 2227 997 2269 90,
1021 2225 1088 2255 20.
1110 2209 1317 2267 ὅμοιον]”
1293 2227 1438 2264 ομοιοι.

923 2285 993 2327 90,
1010 2283 1078 2313 21.
1093 2269 1419 2324 βλασφημεῖται]
1440 2238 1639 2322 Φλασφη-

979 2332 1126 2381 μεῖται.

923 2400 995 2442 91,
1016 2387 1055 2428 6.
1085 2383 1236 2441 κρίσιν]
1260 2385 1392 2438 κρίσιν
1412 2385 1469 2428 εἷς
1488 2383 1640 2438 ἡμέραν

982 2443 1197 2487 κολάσεως.

923 2516 993 2558 91,
1028 2513 1068 2556 7.
1123 2500 1348 2575 Κυρίλλου]
1399 2502 1484 2541 Τοῦ
1524 2500 1640 2553 ἁγίου

982 2559 1227 2614 Kvpmov’
1207 2576 1301 2613 αρχ.
1323 2559 1388 2600 ἐπ.
1406 2557 1542 2609 ’.Αλεξ

923 2631 993 2673 91,
1017 2618 1056 2660 8.
1092 2619 1192 2671 ῥητὰ
1222 2615 1485 2672 προκείμενα]
1522 2616 1642 2669 ῥητοῦ

980 2675 1257 2730 προκειμένου.

923 2747 995 2789 91,
1015 2747 1082 2776 10.
1103 2733 1318 2788 δαιμόνων]
1344 2732 1571 2783 δαιμονίων.

924 2788 1423 2847 91,11.κατερριμψ,ε’νη]
1462 2805 1642 2843 κατεριμ-

925 2921 998 2964 91,
1019 2918 1088 2950 11.
1105 2905 1306 2962 -ρεύσασα]
1327 2906 1489 2960 ῥεύσας.

926 2979 996 3021 91,
1020 2978 1088 3020 13
1110 2963 1303 3019 ‹rum-6510]
1329 2962 1504 3014 ἐπιτάξη.
