1800 3172
182 175 229 220 vi
743 173 1103 217 MONITUM.

183 306 417 352 videatur.
477 304 616 351 Adeo
647 306 816 351 multae
852 303 1089 364 pericopae
1125 302 1177 347 in
1212 317 1283 357 e0,
1308 301 1670 363 citationesque,

184 411 279 441 non
311 395 414 440 sine
445 409 622 457 magno
647 409 813 440 sensus
838 394 1030 447 damno,
1054 396 1281 438 resecatae
1310 396 1455 446 sunt3
1494 395 1550 436 ut
1573 405 1672 436 non

184 483 360 529 mirum
389 483 451 528 sit
479 483 793 538 Hentenium,
819 482 903 543 qui
930 480 1104 527 Latine
1129 480 1291 536 vertit,
1315 480 1366 526 in
1392 495 1505 526 vero
1528 494 1673 526 sensu

184 571 533 634 investigando,
554 573 762 617 multum
787 570 964 616 laboris
984 570 1167 615 frustra
1185 568 1492 629 impendisse.
1550 568 1673 614 Haec

184 660 322 707 nobis
347 659 519 721 optimi
543 659 734 707 Codicis
758 658 1042 705 Barocciani
1067 673 1156 716 ope
1187 658 1419 705 resarcire
1452 657 1672 721 contigit,

184 756 232 796 et
262 750 595 810 plenissimum
627 749 789 795 forsan
814 748 1148 809 Antiquorum
1182 747 1266 794 Gr.
1292 748 1499 794 Patrum
1531 746 1674 794 Com-

184 839 475 885 mentarium
494 839 621 899 quod
641 843 799 884 exstat
816 837 867 883 in
887 837 1233 898 Apocalypsin,
1243 839 1442 900 vulgare
1460 850 1471 882 τ
1500 838 1674 883 collato

185 928 359 974 Codice
391 943 499 973 cum
529 927 663 973 Edit.
699 926 962 973 Parisiensi
993 925 1199 973 Arethae
1234 926 1390 973 Paris.
1418 924 1565 973 1631.
1589 926 1671 972 fol.

183 1015 299 1062 Cod.
344 1016 666 1063 Baroccianus
712 1020 784 1061 est
825 1015 997 1061 formae
1043 1015 1160 1061 min.
1203 1014 1255 1060 in
1299 1018 1377 1061 12.
1416 1014 1673 1062 undecimo

182 1107 357 1152 saeculo
393 1110 649 1160 exaratus;
686 1105 769 1150 sed
799 1104 849 1149 in
876 1103 1095 1158 Scholiis,
1120 1102 1190 1150 ita
1223 1103 1426 1150 minutis
1450 1103 1673 1164 quamvis

181 1194 486 1240 nitidissimis
511 1194 882 1248 characteribus,
902 1199 957 1239 ut
981 1193 1175 1239 nonnisi
1206 1193 1396 1240 intenta
1419 1195 1670 1240 oculorum

183 1283 282 1329 acie
323 1283 559 1345 distingui
601 1282 802 1342 possint.
875 1283 1126 1329 Nonnulla
1167 1298 1280 1329 vero
1320 1282 1438 1329 folia
1483 1283 1673 1330 excide-

182 1378 328 1428 runt3
365 1378 413 1418 et
445 1373 573 1417 dolet
604 1377 853 1431 praeterea,
878 1373 1006 1432 quod
1036 1374 1191 1419 multa
1222 1372 1406 1419 scholia
1435 1373 1497 1420 ob
1524 1372 1672 1420 nimis

182 1461 454 1506 decurtatas
478 1459 720 1523 margines
743 1460 957 1506 hiatibus
981 1461 1216 1508 laborent.

255 1550 358 1595 Hos
399 1549 612 1595 defectus
659 1549 821 1610 aliqua
863 1566 923 1595 ex
962 1556 1100 1610 parte
1147 1551 1442 1611 supplebunt
1479 1551 1672 1599 Scholia

183 1638 529 1684 OEcumeniana
564 1654 674 1698 quae
710 1645 816 1698 post
853 1646 1028 1690 caetera
1063 1641 1247 1686 edenda
1282 1640 1463 1694 curavi,
1495 1656 1521 1686 e
1553 1641 1671 1688 Cod.

185 1726 329 1773 Coisl.
380 1729 492 1781 224,
540 1727 625 1787 qui
682 1734 753 1772 est
800 1728 971 1774 decimi
1031 1728 1196 1775 saeculi
1255 1735 1303 1775 et
1349 1729 1673 1790 pulcherrime

184 1815 405 1875 scriptus.

254 1904 361 1949 Hoc
396 1919 516 1963 opus
551 1911 787 1959 nostrum,
811 1907 1142 1967 qualecunque
1177 1908 1373 1953 demum
1408 1907 1487 1962 sit,
1512 1907 1673 1969 accipe

183 1992 359 2038 Lector
394 2007 534 2052 aequo
570 1992 746 2048 animo,
771 1999 820 2038 et
854 2000 989 2040 utere
1025 1997 1083 2041 ad
1117 1996 1324 2058 gloriam
1354 1997 1464 2052 Dei,
1490 1997 1670 2053 Patris,

186 2080 316 2135 Filii,
341 2086 389 2126 et
414 2080 624 2140 Spiritus
649 2081 829 2127 Sancti.
