1826 3236
529 189 675 231 CAT.
700 189 767 231 IN
798 190 991 232 CATH.
1019 191 1223 234 EPIST.

126 313 206 355 41,
225 314 266 358 3.
286 299 463 357 Ταῦτην]
482 299 662 354 Ἐπειδὴ.

127 371 206 413 41,
226 371 268 413 7.
287 358 425 415 ὑπὸ]’
404 359 499 401 απὸ.

127 429 206 470 4¹
229 426 296 471 Ι7-
321 417 462 474 κριτῇ]
484 421 618 490 κρῇτη

127 487 202 528 42,
225 487 262 516 1.
280 473 515 532 Ἰουδαίους]
534 475 756 520 Ἰουδαιοις.

126 545 205 586 42,
222 545 267 589 3.
290 532 372 589 καὶ]
393 549 478 575 om.

126 603 204 644 42,
217 603 259 643 7.
279 591 424 634 ἑαυτὸν
437 590 738 648 Ἀπόστολον]’
741 594 848 635 Από-

190 654 343 691 στολον
365 650 521 692 ἑαυτὸν.

126 718 204 760 42,
226 720 297 752 22.
317 707 454 764 ἐλέον]
476 707 597 751 ἐλέον
616 710 673 752 εἷς
691 708 831 761 μεσὸν.

125 777 204 818 42,
235 778 303 822 23.
350 766 529 823 μείζονα]
578 766 741 819 μείζονα
780 769 849 819 τῆς

188 824 352 878 φύσεως
370 826 527 879 γίνεται
546 824 678 867 δεκτά.

127 892 204 934 42,
226 894 295 936 24.
316 882 590 938 affractus]
570 884 811 926 απόστασιν.

128 948 204 992 42,
226 949 294 996 25.
316 940 463 1012 ἐδίδου]
486 942 653 995 ἐδίδρου.

126 1008 205 1050 42,
227 998 298 1042 28.
317 996 531 1053 Ἐρμενεία
553 1001 608 1044 εἷς
627 999 673 1040 τὸ
693 1009 772 1041 etc.

126 1066 204 1111 43,
226 1068 265 1099 2.
287 1056 408 1113 ὕπαρ]
428 1058 611 1111 ὕπαρξιν.

126 1125 204 1170 43,
214 1124 259 1171 5.
278 1117 349 1167 τῆς
367 1115 549 1171 φύσεως]
568 1119 648 1158 τῶν
668 1117 844 1169 φύσεων.

126 1183 204 1228 43,
223 1174 264 1215 6.
287 1173 519 1249 ἐγκειμένη]
543 1173 741 1226 ἐκειμένη.

127 1242 204 1286 43,
223 1244 357 1288 9-23.
388 1233 527 1274 Εἰπὼν
554 1230 696 1289 «ὃς-ᾧ
718 1234 846 1287 ἀγαλ-

186 1291 368 1346 λιᾶσθε.]
403 1291 455 1332 Εἰ
482 1290 761 1345 ἐν-τ-ήρησον
781 1291 848 1333 αὐ-

186 1348 288 1392 τούς.

125 1416 203 1460 43,
223 1420 265 1462 9·
285 1406 408 1480 ὕμῖνΙ
422 1407 530 1460 ἡμῖν·

126 1475 203 1518 43,
225 1473 297 1521 25.
317 1465 456 1521 αὐτον]
483 1465 596 1507 αὐτὰ.

127 1534 203 1578 43,
224 1532 295 1578 27·
326 1525 421 1579 γὰρ]
447 1525 525 1577 γὰρ
546 1523 668 1565 αὐτὸν
687 1525 786 1578 ὑπὲρ
807 1526 849 1577 ῆ-

185 1583 274 1633 μῶν
287 1581 460 1623 δέδωκεν
472 1585 556 1626 πῶς
568 1581 659 1636 οὐχὶ
680 1583 745 1624 καὶ
758 1582 846 1625 σὺν.

127 1650 205 1695 43,
223 1651 296 1694 32.
318 1640 420 1682 ὅπου
438 1640 504 1695 γε]
532 1641 594 1681 ὅτι
612 1657 690 1682 που
709 1658 797 1695 γεν.

126 1709 204 1751 44,
231 1710 298 1740 12.
337 1697 562 1754 Κυρίλλου]
607 1701 691 1739 Τοῦ
730 1700 847 1753 ἁγίου

188 1756 407 1807 Κυρθκλου.

127 1826 204 1867 44,
228 1826 294 1857 12.
317 1814 503 1869 ἀπιστία]
528 1813 713 1866 ἀπιστήα.

127 1883 204 1924 44,
225 1884 296 1915 22.
318 1871 418 1928 γᾶρ]
440 1886 525 1913 om.

128 1942 205 1982 44,
241 1940 310 1986 23.
358 1930 587 1984 πρόβατον]
643 1929 847 1984 ἐπιφαγὴν

127 1986 237 2099 44.(i
257 2002 293 2028 e.
316 1987 382 2029 ἐπὶ
401 1987 603 2042 σφαγὴν).

190 2058 251 2096 2
253 2055 295 2101 5
294 2043 440 2117 ζωὴν]
464 2044 606 2096 ζωὴν(
584 2048 705 2097 υμῶν.

126 2112 263 2159 45,1.
294 2101 418 2155 Ῥητᾶ
452 2102 727 2174 Προκείμενα]
760 2102 848 2154 Ρη-

187 2164 259 2203 τοῦ
278 2160 567 2215 Προκειμένου.

125 2229 203 2276 45,
223 2232 267 2272 4.
298 2219 504 2274 οὗρανοῦ.]
530 2219 716 2272 οὐρανοῦ.
737 2219 847 2260 ἀλλὰ

188 2280 253 2319 καὶ
272 2276 318 2319 τὸ
338 2276 482 2331 Ἃγίον
502 2279 670 2329 Πνεῦμα
691 2277 736 2318 ἐκ
755 2277 844 2318 τού-

187 2352 258 2378 του
278 2334 489 2386 ἀπεστάλη
508 2337 580 2376 τοῦ
598 2335 785 2387 οὐρανοῦ.

127 2403 200 2450 45,
217 2393 268 2492 ἐ6.
302 2391 596 2447 ἀποσταλέντι]
634 2393 844 2434 ἀποσταλ-

186 2456 215 2492 λ
239 2468 312 2493 νη.

126 2522 201 2565 45,
223 2521 291 2566 23.
314 2507 514 2563 ἐλάττων]
539 2507 723 2550 ἐλάττου.

126 2578 202 2623 45,
222 2580 296 2623 33.
317 2566 463 2621 πᾶσιν]
486 2569 612 2609 πᾶσιν
633 2566 822 2621 ἔσχατον.

127 2627 200 2678 46,
227 2639 267 2666 1.
289 2624 527 2679 ἀποφαίνει]
553 2625 809 2678 ἀπεμφαίνει.

126 2684 200 2737 46,
228 2692 383 2736 14-17.
401 2684 478 2726 Ὠς
502 2681 749 2724 τέκνα-καὶ
768 2686 846 2735 φα-

187 2741 416 2796 νεροῦντος]
431 2742 562 2782 Τοῦτο
578 2739 846 2794 φησὶ-ὑμῶν

187 2799 421 2851 ἐπιθυμίαις.

126 2858 201 2910 46,
221 2855 276 2898 ad
295 2871 406 2898 vers.
431 2869 496 2910 14
517 2854 631 2898 Ἀντὶ
654 2858 723 2897 τοῦ
744 2871 844 2896 κατα

185 2915 310 2967 μηδὲν
329 2915 609 2957 ἀποκνουντες.

126 2974 199 3026 46,
226 2973 294 3014 16.
316 2973 481 3026 Κυρίου]
506 2975 695 3025 Χριστοῦ.

1536 195 1626 239 587

907 304 978 355 46,
1005 314 1072 344 20.
1093 301 1273 359 Ἀγίους]
1298 308 1381 346 Τοῦ
1403 306 1520 359 ἁγίου
1542 309 1622 347 Κυ-

965 361 1110 412 ρίλλου
1142 363 1186 403 ἐκ
1225 365 1292 414 τῆς
1333 364 1378 404 ἐν
1419 365 1625 415 Πνεύματι

966 419 1167 471 λατρείας.

906 477 1060 529 46,’22,
1077 477 1211 531 Διότι]
1230 478 1494 533 ἀπολιναρίου
1510 479 1622 522 Λευΐ·

966 550 1090 577 τικου.
1125 536 1255 576 Διότι.

906 602 978 647 47,
1005 604 1071 647 19.
1102 593 1206 650 Τοῦ]
1238 596 1323 635 Τοῦ
1347 595 1463 648 ἆγίου
1489 593 1626 637 Ἰωάν-

968 667 1039 692 νου
1058 667 1141 691 του.

907 719 980 761 47,
1003 720 1071 750 21.
1117 710 1259 751 ἑαυτοῦ
1295 708 1450 767 αἵματι]
1491 712 1628 763 αἵματι

968 783 1123 808 εαυτου.

906 836 978 878 47,
1003 836 1073 866 22.
1095 825 1250 880 αἵματι]
1274 840 1357 867 om.

906 894 980 936 47,
1006 894 1071 936 24-
1093 882 1168 941 μὴ]
1189 883 1244 935 μὴ
1263 885 1321 925 τὲ·

906 951 977 994 47,
1000 953 1070 996 30.
1094 942 1237 996 ἐσμὲν]
1261 944 1348 994 μὲν.

907 999 980 1051 48,
1009 1012 1072 1055 13.
1097 1000 1320 1055 ἐγείροντα]
1348 1002 1573 1054 ἐγείραντα.

907 1057 980 1110 48,
1009 1059 1073 1099 18.
1096 1056 1248 1113 θεῖναι]
1272 1061 1401 1110 θῆναι.

907 1115 980 1167 48,
1006 1127 1075 1214 23.
1100 1116 1370 1172 Εὖαγγελίου]
1397 1117 1622 1172 Εὐαγγελι-

907 1231 979 1285 48,
1000 1206 1068 1284 24.
1089 1231 1233 1288 φησὶν]
1252 1232 1380 1286 λέγει.

908 1292 980 1343 48,
998 1290 1052 1331 ad
1069 1305 1175 1332 vers.
1199 1303 1268 1344 24.
1290 1293 1375 1332 Τοῦ
1394 1291 1511 1344 ἆγίου
1539 1289 1625 1332 Ἰω-

966 1348 1090 1390 άννου
1102 1353 1173 1390 τοῦ
1185 1350 1488 1402 Χρυσοστόμου.
1513 1352 1625 1391 Απα·

967 1423 1047 1448 σαν
1061 1407 1133 1459 τὴν
1146 1407 1399 1461 ἀνθρωπίνην
1415 1407 1626 1460 εὐημερίαν

966 1465 1058 1507 οὐδε
1072 1466 1204 1521 χόρτῳ
1221 1464 1313 1506 ἀλλ’
1337 1465 1453 1520 ἑτέρα
1470 1466 1547 1517 ὕλῃ
1562 1465 1625 1507 εὗ-

966 1522 1187 1579 τελεστέρα
1213 1524 1236 1564 6
1263 1522 1471 1597 προφήτης
1504 1523 1627 1576 παρέ-

966 1585 1113 1633 βαλεν,
1136 1581 1258 1625 ἄνθος
1277 1581 1400 1633 αὐτὴν
1420 1580 1627 1634 ὀνομάσας

965 1642 1104 1681 πᾶσαν
1130 1640 1243 1692 ὁμοῦ,
1277 1640 1371 1681 οὐδὲ
1394 1641 1473 1693 γὰρ
1506 1638 1626 1692 μέρος

966 1697 1086 1750 αυτῆς
1115 1697 1258 1750 ἔθηκεν
1283 1698 1371 1740 οιον
1390 1695 1622 1749 πλοῦτον,“
1601 1715 1625 1749 η

965 1755 1133 1829 τρυφὴν,
1185 1754 1210 1807 ἢ
1254 1755 1389 1809 γένος,
1429 1754 1454 1807 ἢ
1502 1758 1623 1797 δυνα-

965 1814 1116 1861 στείας,
1137 1812 1162 1865 ἢ
1182 1815 1309 1865 τιμὰς,
1338 1812 1363 1865 ἢ
1387 1814 1429 1855 τί
1454 1816 1622 1860 τοιοῦτο,

966 1871 1078 1912 ἀλλὰ
1096 1870 1229 1912 πάντα
1258 1873 1308 1912 τὰ
1338 1872 1383 1912 ἐν
1403 1872 1626 1924 ἀνθρώποις

967 1928 1071 1970 εἶναι
1101 1931 1297 1970 δοκοῦντα
1333 1931 1512 1981 λαμπρὰ,
1555 1931 1626 1980 μιᾶ

966 1986 1216 2041 προσηγορίᾳ
1234 1989 1282 2038 τῇ
1312 1989 1382 2038 τῆς
1407 1987 1523 2037 δόξης
1551 2003 1623 2027 πε-

963 2045 1150 2096 ριλαβὼν
1181 2044 1303 2088 οὕτως
1333 2043 1514 2098 ἐπήγαγε
1551 2043 1625 2095 τὴν

967 2102 1104 2143 εἰκόνα
1158 2105 1228 2143 τοῦ
1286 2102 1434 2156 χόρτου
1484 2103 1620 2144 εἶπῶν·

964 2162 1077 2205 πᾶσα
1107 2160 1204 2211 δόξα
1234 2160 1446 2213 ἀνθρώπου
1475 2160 1529 2203 ὡς
1555 2160 1624 2201 ἄν-

965 2220 1035 2261 θος
1053 2217 1213 2272 χόρτου.

905 2276 980 2329 48,
1007 2286 1076 2330 29.
1107 2278 1192 2316 Τοῦ
1218 2275 1335 2328 ἁγίου
1367 2273 1621 2331 Βασιλείου.]

964 2334 1183 2375 Βασιλείου
1213 2333 1434 2374 ἐπισκόπου
1468 2336 1620 2374 Καισα-

964 2391 1141 2444 σαρείας.

904 2450 978 2501 48,
999 2461 1071 2504 32.
1091 2446 1188 2504 μὲν]
1209 2449 1286 2500 μὲν
1305 2448 1389 2489 οὖν.

904 2522 976 2564 49-
1001 2519 1043 2560 7
1064 2506 1252 2561 ἆκμῆςΓ
1232 2508 1371 2559 αγμῆς·

904 2580 978 2622 49,
1002 2565 1040 2606 8.
1062 2561 1220 2619 αυριον]
1243 2563 1344 2617 αὗρὶ.

903 2636 977 2679 49,
994 2636 1034 2696 9.
1067 2621 1318 2677 μαρανθεὶς,]
1344 2620 1574 2674 μαρανθεὶς,
1598 2619 1622 2672 ἢ

964 2682 1072 2736 νόσω
1093 2680 1308 2724 διαλυθείς.

904 2753 975 2794 49,
1002 2739 1071 2780 28.
1091 2736 1252 2793 χοϊκοῦ]
1273 2735 1424 2792 χοΐκοῦ.

905 2811 976 2854 49,
992 2795 1047 2838 ad
1062 2809 1169 2839 vers.
1188 2808 1256 2848 24.
1270 2791 1505 2847 Θεοδώρου”
1510 2796 1622 2847 Ηρα-

962 2855 1111 2898 κλείας.
1127 2852 1379 2895 Δείκνυσιν
1357 2870 1410 2896 ως
1426 2852 1489 2894 καὶ
1502 2851 1621 2896 αυτὸς

962 2914 984 2954 6
1015 2910 1220 2965 προφήτης
1253 2912 1275 2952 6
1306 2910 1623 2964 ὖπηρετούμενος

962 2973 1015 3026 τῷ
1044 2970 1155 3024 λόγῳ
1178 2968 1256 3011 ὑπὸ
1277 2971 1345 3021 τῆς
1366 2967 1513 3022 σαρκὸς
1534 2968 1618 3018 ἐπι-

1062 3044 1091 3080 4
1114 3042 1139 3068 F
1167 3039 1191 3067 2
