1826 3236
143 177 209 219 11.
237 177 446 231 17—111.
465 190 504 233 3.
628 179 853 218 ΠΕΤΡΟΥ
886 178 1179 218 ΕΠΙΣΤΟΛΗ
1211 179 1255 216 Β.
1582 176 1639 219 97

76 318 128 361 19
215 292 527 360 Ἐλευθερίαν
578 292 737 346 αὐτοῖς
788 291 1218 360 ἐπαγγελλόμενοι,
1277 292 1411 343 αὐτοὶ
1471 294 1637 344 δοῦλοι

140 376 436 447 ὑπάρχοντες
461 381 545 444 τῆς
572 380 777 448 φθορᾶς·
822 376 861 450 ᾧ
895 377 992 447 γάρ
1027 401 1099 433 τις
1132 379 1344 445 ἥττηται,
1370 377 1525 448 τούτῳ
1560 379 1637 429 καὶ

140 463 449 518 δεδούλωται.

209 551 297 610 Τὴν
329 549 408 598 ἀπὸ
445 557 518 610 τῆς
551 552 711 610 πλάνης
746 550 972 615 ἐλευθερίαν
997 549 1192 608 δηλονότι,
1219 550 1286 598 διὰ
1317 555 1433 597 τοῦτο
1456 549 1536 614 γὰρ
1568 547 1637 596 καὶ

140 629 389 692 προετάξατο
413 628 507 682 τοῦς
531 628 569 676 ἐν
591 630 726 696 πλάνῃ
750 627 1137 692 ἀναστρεφομένους.
1652 644 1672 681 5

72 747 127 778 20
217 732 278 781 Εἰ
318 727 415 797 γὰρ
459 728 795 800 ἀποφυγόντες
826 727 888 780 τὰ
927 727 1183 794 μιάσματα
1219 733 1305 779 τοῦ
1347 731 1550 793 κοσμοῦ,
1589 728 1640 779 ἐν

139 814 399 883 ἐπιγνώσει
438 822 524 869 τοῦ
571 816 753 884 Κυρίου
798 817 875 868 καὶ
923 817 1149 882 Σωτῆρος
1191 815 1358 880 Ἰησοῦ
1401 816 1639 882 Χριστοῦ,

140 900 326 957 τούτοις
361 900 411 955 δὲ
435 900 588 956 πάλιν
614 900 936 967 ἐμπλακέντες
967 901 1218 967 ἡττῶνται,
1257 899 1456 967 γέγονεν
1481 900 1641 955 αὐτοῖς

72 1013 122 1044 21
139 987 202 1040 τὰ
226 987 415 1058 ἔσχατα
449 989 643 1058 χείρονα
678 992 776 1040 τῶν
811 987 1032 1055 πρώτων.
1079 991 1294 1054 κρεῖττον
1329 984 1426 1054 γὰρ
1455 984 1516 1052 ἦν
1547 987 1635 1038 αὐ-

139 1079 240 1130 τοῖς
291 1072 359 1141 μὴ
411 1073 730 1142 ἐπεγνωκέναι
780 1072 869 1139 τὴν
921 1072 1035 1126 ὁδὸν
1086 1076 1172 1138 τῆς
1223 1071 1544 1139 δικαιοσύνης,
1607 1071 1706 1139 ἢιο

139 1162 420 1229 ἐπιγνοῦσιν
452 1159 747 1230 ἐπιστρέψαι
787 1161 839 1212 ἐκ
877 1162 964 1225 τῆς
993 1159 1352 1228 παραδοθείσης
1386 1159 1525 1226 ἁγίας
1558 1159 1634 1210 ἐν·

71 1269 125 1300 22
139 1249 303 1313 τολῆς.
349 1246 635 1313 συμβέβηκε
661 1245 712 1298 δὲ
739 1246 898 1300 αὐτοῖς
924 1243 980 1297 τὸ
1006 1248 1093 1311 τῆς
1126 1247 1340 1311 ἀληθοῦς
1365 1245 1640 1313 παροιμίας,

140 1332 268 1386 κύων
293 1333 597 1404 ἐπιστρέψας
625 1334 702 1385 ἐπὶ
727 1331 783 1384 τὸ
809 1331 930 1384 ’ίδιον
955 1330 1192 1403 ἐξέραμα·ῥ
1225 1332 1322 1395 καὶ,
1362 1330 1415 1386 ῦς
1446 1336 1635 1383 λουσα-

138 1418 274 1486 μένη,
300 1422 366 1475 εἷς
392 1418 613 1485 κύλισμα
636 1417 897 1487 βορβόρου.

207 1508 402 1569 Δείκνυσι
447 1511 514 1558 διὰ
553 1511 715 1568 τούτων,
740 1511 791 1565 ὦς
829 1511 898 1559 οὐκ
945 1511 1192 1575 ἐλευθεροῖσι
1237 1516 1311 1568 τῆς
1352 1511 1509 1568 πλάνης
1550 1509 1641 1561 τοὺς
1660 1533 1704 1572 15

139 1591 388 1652 πειθομένους
412 1589 562 1644 αὐτοῖς·
599 1589 697 1637 ἀλλ’
723 1590 782 1643 εἷς
811 1589 974 1655 χείρονα
996 1593 1152 1648 πλάνην
1177 1588 1359 1636 ἕλκουσι·
1397 1587 1452 1636 τὰ
1476 1587 1643 1651 ’ἔσχατα

141 1668 184 1716 δὲ
206 1668 367 1733 χείρονα
389 1674 464 1716 τῶν
486 1667 645 1732 πρώτων
669 1667 802 1732 λέγει,
829 1666 924 1715 καθὸ
948 1668 1047 1716 ποτὲ
1079 1668 1153 1729 μὲν
1186 1667 1224 1715 ἐν
1258 1665 1399 1730 ἀγνοίᾳ
1436 1667 1644 1730 διάγοντες

140 1746 273 1812 καιρόν
296 1744 406 1811 εἶχον
433 1747 698 1812 ἐπιστροφῆς·
736 1752 799 1795 νῦν
831 1746 874 1795 δὲ
907 1746 946 1795 ἐν
978 1751 1030 1813 τῇ
1066 1746 1237 1811 δοκούσῃ
1271 1745 1416 1809 γνώσει
1452 1747 1643 1810 ἁμαρτά-

140 1848 282 1883 νοντες,
306 1834 414 1875 ποῖον
438 1827 498 1875 ἔτι
524 1825 725 1891 σωτηρίας
750 1824 892 1892 εῦρωσι
917 1823 1081 1890 καιρόνς

780 2019 919 2063 ΚΕΦ.
957 2021 1012 2062 Δ.
1659 2026 1708 2051 20

143 2119 391 2168 Ἐπανάληψις
410 2120 491 2168 περὶ
509 2116 627 2156 κακίας
645 2119 836 2167 ἀνθρώπων
854 2120 1047 2167 αἱρετικῶν.
1092 2117 1174 2153 ’Ὅτι
1194 2118 1377 2164 αἰφνιδίως
1397 2117 1471 2164 ἥξει
1490 2118 1644 2165 Χριστὸς

198 2192 256 2228 ε’πὶ
276 2191 462 2239 συντελείᾳ
480 2192 584 2228 τοῦδε
602 2193 667 2228 τοῦ
686 2191 822 2228 αἰῶνος·
854 2189 951 2227 ὥστε
970 2191 1042 2226 δεῖν
1062 2189 1324 2237 εὐτρεπίζεσθαι
1342 2189 1442 2234 πάσῃ
1463 2189 1580 2236 ἀρετῇ.

106 2348 124 2376 1
220 2316 417 2384 Ταύτην
441 2316 549 2383 ἤδη,
568 2317 823 2385 ἀγαπητοὶ,
851 2314 1074 2384 δευτέραν
1099 2316 1210 2381 ὑμῖν
1234 2312 1414 2385 γράφω
1438 2315 1638 2367 ἐπιστο-

143 2403 257 2471 λὴν,
282 2406 333 2458 ἐν
367 2403 442 2461 αἷς
480 2405 692 2474 διεγείρω
729 2405 863 2470 ὑμῶν
896 2404 947 2455 ἐν
984 2401 1252 2469 ὑπομνήσει
1289 2400 1379 2468 τὴν
1413 2404 1643 2471 εἰλικρινῆ
1660 2426 1706 2465 25

105 2514 129 2545 2
146 2489 375 2544 διάνοιαν·
424 2493 702 2557 μνησθῆναι
739 2494 838 2543 τῶν
881 2488 1238 2558 προειρημένων
1279 2487 1508 2558 ῥημάτων
1550 2487 1644 2541 ὑπὸ

143 2581 241 2629 τῶν
283 2577 434 2645 ἁγίων
473 2581 756 2649 προφητῶν,
796 2578 876 2628 καὶ
913 2579 998 2642 τῆς
1034 2580 1132 2629 τῶν
1176 2573 1471 2628 ἀποστόλων
1508 2575 1645 2640 ἡμῶν

102 2689 129 2736 3
144 2664 357 2729 ἐντολῆς,
389 2668 475 2715 τοῦ
518 2663 701 2731 Κυρίου
745 2663 912 2729 Ἰησοῦ
961 2665 1201 2730 Χριστοῦ·
1263 2666 1406 2713 τοῦτο
1449 2664 1644 2729 πρῶτον

145 2747 482 2817 γινώσκοντες,
522 2748 595 2802 ὅτι
635 2748 918 2802 ἐλεύσονται
956 2749 1027 2801 ἐπ’
1068 2747 1281 2818 ἐσχάτου
1319 2751 1416 2799 τῶν
1455 2747 1644 2816 ἡμερῶν

145 2836 198 2888 ἐν
240 2834 574 2906 ἐμπαιγμονῇἰ
619 2834 662 2888 οἱ
706 2836 976 2901 ἐμπαῖκται,
1022 2832 1145 2887 κατὰ
1191 2832 1276 2889 τὰς
1328 2834 1448 2889 ἰδίας
1486 2835 1643 2886 αὐτῶν
1656 2858 1708 2895 30

699 2979 707 3007 i
728 2978 823 3016 Cod.
846 2982 879 3015 ἐν
898 2982 1108 3028 ἐμπαιγμᾶἶν.

879 3058 904 3083 Ο
