1826 3236
214 194 302 243 596

223 320 318 366 151,
344 323 412 353 21.
448 312 687 368 πρακτικῶς]
720 315 941 367 πρακτικῶς

277 368 342 410 καὶ
360 372 614 424 θεωρητικῶς.

224 438 321 482 151,
354 427 422 469 26.
467 426 721 485 ἁμαρτάνων]
763 427 938 482 ἁμαρτά-

279 501 366 526 νον.

224 550 320 598 151,
343 555 413 598 30.
447 543 706 600 ἀντιρρήτως]
752 544 936 598 ἀναντιρ-

276 599 415 654 ρήτως.

224 667 319 714 152,
345 671 384 701 2.
409 659 491 714 καὶ]
518 660 582 701 καὶ
601 663 691 702 τῶν.

224 727 323 772 153,
349 727 416 771 17·
438 715 534 773 ἤδη]
556 717 646 770 ἤθη.

225 786 320 829 154,
346 775 386 816 8.
408 776 471 830 δὲ]
496 777 540 816 δὲ
561 776 638 817 καὶ.

225 844 320 888 154,
350 845 414 887 13.
448 834 673 889 Κυρίλλου]
708 836 796 876 Τοῦ
825 834 941 888 ἁγίου

281 891 503 943 Κυρίλλου.

226 957 322 1003 154,
347 960 415 1003 25.
438 947 563 1004 τινες]
586 966 693 994 τινες
714 951 839 993 ὄντες.

225 1017 321 1061 155,
351 1019 383 1046 1.
407 1006 543 1065 λέγει]
567 1008 657 1061 ἔφη.

225 1074 321 1120 155,
342 1076 383 1116 4.
408 1065 519 1121 εἴδει]
543 1067 637 1107 εἵὸε.

225 1135 243 1163 1
249 1132 276 1178 5
278 1132 321 1178 5,
345 1135 384 1178 9.
422 1123 523 1177 πρὸς
563 1121 727 1179 σκότος]
770 1124 942 1177 προσκό-

279 1197 356 1224 τος.

226 1250 323 1293 155,
357 1251 423 1295 23.
477 1240 572 1295 ὀρῷ,
615 1237 814 1295 καθάπερ]
868 1240 942 1295 ὁρᾷ

283 1297 397 1338 καθὰ.

224 1363 320 1409 155,
346 1367 413 1407 24.
436 1354 520 1412 καὶ]
546 1355 610 1396 καὶ
629 1355 666 1408 ἡ.

224 1421 321 1467 155,
344 1425 413 1468 31.
437 1415 463 1441 ²‘ss
485 1412 511 1437 ὴὲ
534 1413 650 1468 αὐτὸ]
677 1413 742 1455 καὶ
761 1412 886 1455 αὐτοὶ.

225 1471 321 1525 156,
343 1484 378 1512 1.
399 1468 543 1527 Ἀρχὴ]
562 1469 766 1524 Μαξίμου.
798 1470 940 1526 Ἀρχὴ.

228 1529 323 1582 156,
347 1541 388 1583 3.
409 1528 536 1571 πάλιν
555 1528 600 1585 ἡ]
624 1528 771 1582 πάλην.

226 1586 324 1641 156,
354 1599 416 1628 12.
441 1588 742 1643 ἐκ-Ψαλμῶν]
765 1602 849 1628 om.

227 1644 326 1699 156,
353 1656 419 1698 13.
449 1645 549 1698 ῥητὰ
577 1645 836 1700 προκείμενα]
877 1645 944 1699 ῥη-

281 1704 352 1742 τοῦ
371 1701 645 1755 προκειμένου.

228 1759 323 1815 156,
358 1760 422 1801 18.
466 1760 675 1815 Μαξίμου]
754 1758 944 1813 Μαξίμου

280 1820 474 1871 μοναχοῦ.

227 1875 325 1930 156,
358 1875 422 1916 18.
461 1874 644 1929 οὐρανὸς,
678 1874 722 1931 ἢ]
763 1876 786 1917 ὁ
822 1876 940 1929 οὐρα-

283 1949 361 1975 νος.

227 1990 322 2046 156,
344 2002 413 2032 20.
435 1989 666 2046 ὀνομάζειν]
691 1989 914 2044 ὀνομάζων.

226 2049 323 2104 156,
350 2060 419 2103 23.
444 2049 498 2103 οἱ]
526 2049 565 2100 ἠ.

226 2107 324 2161 156,
350 2118 418 2161 25.
439 2105 509 2162 γε]
532 2106 570 2158 ἠ.

227 2165 322 2219 156,
347 2165 416 2208 26.
438 2163 626 2221 δύναμιν]
649 2163 824 2217 δύναμις.

226 2222 323 2277 156,
348 2231 416 2276 27.
438 2221 530 2278 ἀπ’]
553 2237 636 2264 0111.

227 2280 323 2334 156,
342 2293 411 2335 30.
440 2279 693 2337 ἐστέρηνται]
718 2278 942 2333 ἐστήρηται.

226 2346 322 2393 157,
349 2350 385 2378 1.
408 2336 597 2394 ἡμέραν,]
619 2338 784 2392 ἡμέραν,
806 2338 942 2391 μόνος.

226 2404 323 2450 157,
345 2408 387 2449 4.
410 2394 513 2450 τοῖς]
538 2396 622 2448 τὴν.

227 2461 323 2508 157,
361 2466 426 2495 11.
468 2452 775 2511 Βαβυλωνίους]
817 2457 943 2504 βακυ-

280 2511 461 2554 λωνίους.

227 2577 322 2623 157,
350 2580 414 2608 11.
438 2568 634 2625 ἄθεσμος]
659 2569 865 2621 ἔκθεσμος.

228 2634 322 2680 157,
350 2639 413 2669 12.
436 2625 561 2682 τινὲς]
584 2627 691 2670 τινὲς
712 2626 893 2680 ἀσεβεῖς.

228 2692 324 2738 157,
348 2697 414 2739 13.
437 2685 502 2725 διὰ
522 2682 612 2739 τοῦ]
635 2682 681 2725 δι’
700 2684 832 2727 αὐτοῦ.

227 2749 322 2797 157,
346 2754 411 2795 14.
434 2739 517 2797 ὅτι]
538 2755 621 2783 0111.

458 198 646 241 VARR.
670 198 905 241 LECTT.
929 198 1073 242 COD.
1098 200 1299 244 COISL.
1324 199 1479 243 XXV.

1005 323 1102 368 157,
1124 325 1193 358 21.
1215 313 1464 370 ἠρνήσαντο]
1488 312 1705 368 ἠρνήσατο.

1005 379 1101 426 157,
1135 384 1204 428 23.
1237 372 1535 430 παλίμβουλοι]
1569 373 1718 424 παλίμ-

1057 432 1194 481 βολοι.

1006 486 1103 541 158,
1122 499 1164 540 4.
1187 485 1269 540 εἴη]
1293 487 1328 528 εἶ
1349 487 1384 528 ὁ.

1004 544 1100 598 158,
1122 555 1163 600 5.
1187 545 1228 600 ὁ]
1254 543 1330 586 καὶ.

1004 602 1102 657 158,
1138 616 1203 659 13.
1244 600 1403 659 Ἰησοῦ]
1443 599 1580 656 Ἰησοῦ
1620 605 1719 657 Χρι-

1060 677 1171 702 στου.

1006 718 1104 773 158,
1128 730 1195 775 23.
1211 716 1379 773 “Αγιον]
1404 731 1487 762 0111.

1006 778 1102 829 158,
1128 789 1195 830 24.
1217 775 1376 833 Ταῦτα]
1398 779 1538 819 Ταῦτα
1557 776 1613 821 δὲ.

1005 834 1102 889 158,
1142 847 1210 889 24.
1267 833 1520 889 Μανιχαίον]
1578 837 1721 886 Μανη-

1060 892 1194 946 χαίου.

1008 950 1101 1004 158,
1128 959 1195 1006 25.
1218 951 1317 1008 τῶν]
1341 964 1424 992 0111.

1008 1008 1104 1063 158,
1125 1021 1196 1064 30.
1219 1008 1364 1063 αὐτοί]
1391 1008 1500 1050 αὐτό.

1008 1074 1103 1122 159,
1126 1080 1168 1123 3.
1210 1067 1310 1108 Hoc
1349 1065 1435 1108 sch.
1475 1065 1587 1108 infra
1628 1075 1723 1124 post

1062 1123 1239 1178 Σευήρου
1259 1134 1338 1166 etc.

1007 1191 1104 1238 159,
1128 1196 1166 1238 9.
1190 1183 1426 1238 ἀσελγείας]
1452 1183 1659 1235 ἀσεβείας.

1006 1249 1102 1296 159,
1138 1253 1203 1282 10.
1241 1241 1543 1297 Βορβοριανῶν]
1583 1245 1724 1295 βορια-

1061 1314 1152 1340 νων.

1007 1364 1102 1413 159,
1126 1368 1190 1412 13.
1214 1355 1412 1413 Σευήρου]
1435 1355 1612 1410 Σευήρου
1631 1355 1724 1411 Ἀρ-

1059 1415 1323 1469 χιεπισκόπου
1342 1413 1523 1469 Ἀντιοχ.

1007 1481 1103 1528 159,
1127 1485 1193 1528 13.
1222 1473 1501 1528 Γερμανικίας]
1528 1476 1722 1527 Γερμανι-

1060 1547 1181 1574 κειας.

1009 1599 1105 1644 159,
1132 1588 1195 1629 18.
1218 1588 1428 1644 ὅφθησαν]
1454 1588 1665 1643 ὤφθησαν.

1008 1657 1104 1702 159,
1149 1659 1215 1702 19.
1270 1646 1533 1702 Μανιχαίων]
1589 1650 1722 1689 Μανι-

1061 1703 1192 1758 χαίων
1213 1704 1257 1745 ἐκ
1277 1707 1357 1745 τῶν
1377 1708 1575 1749 παλαιῶν.

1009 1770 1105 1816 159,
1129 1773 1198 1804 20.
1220 1759 1314 1817 οὖν]
1336 1760 1373 1816 γ’
1398 1762 1481 1804 οὖν.

1007 1828 1103 1874 159,
1128 1832 1196 1863 21.
1228 1820 1540 1875 πυρποληθεῖσι]
1574 1836 1724 1874 πυρπο-

1061 1879 1226 1919 λιθεῖσι.

1007 1943 1106 1990 159,
1131 1947 1199 1991 23.
1222 1937 1276 1991 τῷ
1298 1933 1375 1992 νῷ]
1397 1934 1469 1978 τὸν
1489 1939 1600 1978 νοΰν.

1007 2001 1104 2047 159,
1127 2002 1195 2048 25.
1218 1992 1294 2049 τῷ]
1318 1992 1376 2034 τὸ.

1009 2060 1104 2106 159,
1138 2063 1206 2107 29.
1258 2051 1519 2106 ἀποθώμεθα]
1569 2051 1725 2094 ἆπωθό-

1091 2111 1176 2149 εθα.

1008 2125 1105 2239 1616,
1132 2179 1174 2223 3.
1215 2165 1494 2222 τιμωρητικὸν]
1541 2169 1725 2223 θεωρητι-

1063 2240 1145 2266 ΚΟΡ-

1008 2281 1103 2329 160,
1125 2295 1167 2335 4.
1189 2281 1260 2323 τὸν
1282 2279 1348 2337 ἐν]
1371 2296 1453 2322 om.

1008 2340 1104 2389 160,
1128 2340 1168 2381 6.
1192 2341 1403 2395 ἐφιστᾶσι]
1431 2341 1648 2394 ἐφιστᾶσα.

1010 2397 1104 2445 160,
1129 2397 1168 2439 8.
1189 2397 1300 2452 περὶ]
1325 2399 1446 2452 παρὰ.

1007 2456 1103 2506 160,
1129 2468 1194 2509 14.
1232 2455 1552 2511 ἐκφωνηθείσας]
1594 2456 1724 2510 ε’κφωι-

1061 2513 1259 2566 νηθείσης.

1006 2571 1102 2618 160,
1131 2584 1195 2624 14.
1220 2570 1299 2612 Καὶ
1318 2569 1401 2624 μετ’
1423 2570 1562 2626 ὀλίγα]
1578 2585 1662 2615 om.

1007 2628 1104 2678 160,
1129 2630 1197 2672 26.
1240 2629 1341 2670 Hoc
1373 2627 1502 2670 schol.
1535 2637 1633 2683 post
1667 2632 1722 2674 δι.-

1062 2686 1276 2739 καιοσύνης
1294 2687 1402 2738 δόξα.
1424 2701 1466 2743 p.
1487 2695 1582 2742 159,
1602 2699 1640 2731 2.

1010 2744 1101 2791 160,
1124 2757 1194 2800 31.
1217 2743 1479 2802 πνευμάτων]
1497 2743 1692 2798 πατέρων.
