1826 3236
198 212 280 253 598

197 319 334 357 Pastor
352 322 391 357 ἐκ
409 324 466 357 τοῦ
486 319 642 368 Ποιμένος
660 323 775 370 ἐντολῇ
796 321 837 357 θ’.
859 330 946 370 4,7.

197 374 310 411 Philo
330 386 396 424 92,
412 383 449 423 5.

198 427 404 467 Proverbia
432 429 651 478 (Παροιμίαι)
679 428 744 472 26,
768 441 830 478 19.
858 428 947 467 fort.

254 484 335 521 haec
376 483 425 520 ad
463 483 644 534 Origenis
688 482 727 520 in
766 483 945 522 Proverb.

255 538 476 576 Comment.
497 537 698 576 referenda
717 545 819 575 sunt.

199 591 357 630 Scholia
372 605 457 643 quae
477 591 625 629 nullum
647 605 790 630 nomen
802 593 947 630 Aucto-

255 646 306 684 ris
335 660 414 698 prae
448 659 489 685 se
522 646 663 693 ferunt,
699 648 795 685 bene
827 646 948 685 multa

255 710 358 739 sunt.

201 755 431 794 Severianus
461 755 699 794 Gabalorum
730 754 948 807 Episcopus

262 810 369 854 18‚6.
402 822 542 861 29,29.
574 809 946 860 77‚30C0d.Coisl.

201 864 361 902 Severus
403 863 582 916 Archiep.
621 865 840 903 Antiochiae
883 866 948 903 ἀπὸ

254 920 352 968 λόγου
380 922 440 957 νθ’.
477 920 566 965 106,
588 932 652 969 23.
699 924 738 958 ἐκ
767 925 823 957 τοῦ
852 922 948 957 κατὰ

253 972 503 1023 Ἀλεξανδρείας
517 977 756 1024 συντάγματος
775 974 864 1018 162,
877 987 898 1022 3
911 986 926 1011 1
937 1004 945 1012 .

253 1032 348 1066 κατὰ
377 1027 592 1078 Ἀλεξάνδρου
624 1045 798 1079 συνταγμ.
837 1040 900 1079 73,
923 1030 946 1066 8

254 1090 294 1121 et
329 1083 393 1121 28.
420 1083 517 1122 Cod.
545 1082 666 1121 Coisl.
715 1088 754 1122 ἐκ
787 1086 845 1129 τῆς
877 1085 950 1134 πρὸς

255 1141 377 1176 Φῶτιον
410 1141 587 1183 ἐπιστολῆς
620 1149 684 1188 71,
711 1151 773 1177 11.
822 1143 860 1176 ἐκ
892 1141 951 1184 τῆς

254 1194 327 1242 πρὸς
345 1192 536 1243 Ἀνδρόνικον
561 1195 784 1244 κοινοβιάρχην
810 1197 948 1231 ἐπιστο-·

255 1250 314 1292 λῆς
345 1258 408 1297 71,
435 1260 496 1297 19.
554 1251 591 1285 ἐκ
620 1251 678 1293 τῆς
707 1249 780 1296 πρὸς
811 1250 884 1291 τοὺς
916 1251 950 1285 ἐν

257 1302 597 1339 Κωνσταντινουπόλει
616 1301 787 1353 ὄρθοὸόξους
811 1306 947 1340 ἐπιστο-

256 1359 314 1402 λῆς
344 1367 408 1406 71,
432 1369 497 1406 33.
555 1361 592 1394 ἐκ
621 1360 679 1402 τῆς
703 1358 777 1407 πρὸς
802 1359 951 1394 Λεόντιον

256 1414 498 1463 Χαρτουλάριον
531 1415 707 1458 ἐπιστολῆς
734 1424 800 1462 93,
822 1424 862 1460 4.
913 1415 950 1449 ἐκ

681 213 906 251 ΝΟΜΙΝΑ
940 213 1262 252 AUCTORUM.

1060 325 1116 357 τοῦ
1130 322 1225 357 κατὰ
1236 317 1448 370 Ἀλέξανδρον
1467 331 1530 369 73,
1548 320 1613 359 28.
1643 323 1681 358 ἐκ
1696 321 1755 366 τῆς

1059 375 1132 425 πρὸς
1149 375 1374 424 Ἡρακλιανῆν
1398 377 1573 420 ἐπιστολῆς
1605 386 1692 424 119,
1717 387 1753 412 2.

1059 432 1098 466 ἐκ
1118 430 1175 474 τῆς
1192 429 1263 479 πρὸς
1284 433 1411 475 Θωμᾶν
1429 430 1603 466 ἐπίσκοπον
1624 435 1754 479 Γερμα-

1059 485 1163 525 νικίας
1182 485 1359 528 ἐπιστολῆς
1379 492 1468 533 159,
1488 495 1548 532 13.
1580 484 1669 527 161,
1690 496 1753 534 19.

1059 541 1097 575 ἐκ
1125 540 1183 583 τῆς
1211 537 1285 587 πρὸς
1309 538 1432 574 Νικίαν
1453 540 1649 575 Ἐπίσκοπον
1681 541 1753 575 ἐπι-

1060 594 1182 637 στολῆς
1202 603 1267 641 50,
1290 591 1336 629 18
1358 591 1455 629 Cod.
1477 590 1596 630 Coisl.
1636 596 1673 629 ἐκ
1697 596 1756 629 τοῖΐ

1060 649 1155 683 κατὰ
1168 650 1345 683 Ἰουλιανοῧ
1359 648 1598 694 συντάγματος
1613 647 1678 696 58,
1692 659 1705 684 1
1716 656 1753 696 5.

1061 705 1098 738 ἐκ
1117 703 1175 746 τ’ἦς
1192 702 1266 751 πρὸς
1284 703 1464 748 Ἀμμώνιον
1486 704 1663 746 ἐπιστολῆς
1687 701 1752 750 67,

1067 755 1223 805 18.--5,
1236 765 1296 802 17.
1316 755 1354 797 6,
1367 755 1430 793 26.
1452 768 1465 793 1
1477 754 1514 798 8,
1527 767 1588 806 29.
1610 766 1676 804 50,
1693 756 1753 793 18.

1060 819 1126 859 54,
1155 822 1185 847 1.
1222 810 1287 860 58,
1310 820 1372 859 15.
1412 810 1479 853 60,
1500 822 1561 848 20.
1603 810 1751 859 67,18.

1062 874 1126 912 72,
1145 876 1183 913 9.
1224 874 1289 913 73,
1312 876 1334 913 3
1358 872 1398 902 et
1417 877 1456 914 9.
1495 864 1560 913 76,
1583 877 1604 914 5
1626 873 1666 903 et
1691 865 1753 903 18.

1061 919 1172 968 82,5.
1199 918 1553 968 101‚16.114‚21.
1581 920 1753 968 116‚30.

1064 985 1155 1022 124,
1179 986 1238 1011 12.
1282 985 1368 1023 144,
1391 985 1429 1023 3.
1493 984 1556 1024 25,
1585 986 1629 1012 12
1653 974 1752 1013 Cod.

1060 1027 1180 1066 Coisl.
1215 1028 1279 1077 78,
1297 1040 1335 1078 9.
1366 1028 1433 1077 98,
1451 1039 1490 1078 5.
1527 1040 1699 1077 110,32.

1004 1082 1274 1121 Theodoretus
1299 1086 1385 1133 ῥητὰ
1404 1083 1598 1133 προκείμενα
1621 1086 1636 1121 5
1659 1087 1755 1134 οὐρα-

1059 1138 1108 1181 νὸς
1125 1143 1182 1175 τοῦ
1201 1142 1328 1187 οὐρανοῦ
1347 1142 1395 1186 τῷ
1417 1139 1518 1188 Κυρίῳ
1537 1147 1604 1187 45,
1621 1150 1654 1176 1.
1685 1150 1753 1188 39,

1061 1204 1098 1241 3.
1132 1204 1200 1242 49,
1219 1205 1284 1242 34.
1314 1202 1383 1255 51,
1403 1201 1469 1242 25.
1500 1193 1566 1242 58,
1583 1204 1648 1242 3ο.
1686 1192 1752 1237 81,

1067 1259 1114 1284 10
1136 1247 1234 1285 eod.
1253 1246 1371 1285 Colsl.

1005 1301 1235 1340 Theodorus
1262 1301 1460 1340 Heracleae
1488 1313 1555 1352 49,
1578 1313 1628 1351 33
1655 1302 1753 1340 Cod.

1063 1355 1184 1394 Coisl.

1006 1410 1237 1450 Timotheus
1257 1410 1324 1454 66,
1345 1421 1391 1459 27
1411 1410 1507 1449 Cod.
1523 1409 1642 1449 Coisl.

566 1641 878 1681 AUCTORES
913 1641 1137 1680 OBITER
1172 1640 1387 1679 CITATI.

201 1731 335 1771 Ariani
362 1733 449 1783 158,
465 1746 531 1782 24.

201 1787 409 1838 Babylonii
428 1787 596 1827 haeretici
625 1800 711 1839 157,
734 1802 747 1826 1
764 1802 795 1827 1.

202 1841 429 1880 Borboriani
448 1842 615 1881 haeretici
643 1853 731 1893 157,
752 1857 813 1882 10.

202 1896 389 1934 Caesarius
408 1899 423 1934 ὁ
442 1899 672 1944 Σχολαστικὸς
692 1899 758 1941 68,
779 1912 791 1936 1
803 1911 839 1948 7.

202 1949 388 1989 Caianitae
411 1951 582 1990 haeretici
606 1962 696 2002 157,
718 1965 779 1991 11.

202 2005 501 2056 Chrysostomus
527 2010 560 2044 ἐν
580 2012 628 2055 τῷ
651 2009 701 2044 >lov
722 2007 809 2056 λόγῳ
829 2013 886 2044 τοῦ
905 2011 950 2051 εἷς

258 2060 295 2097 τὸ
314 2062 409 2097 κατὰ
422 2063 571 2106 Ἰωάννην
587 2062 792 2111 Εὐαγγέλιον
810 2063 949 2110 ὑπομνή-

256 2131 361 2162 ματος
388 2115 476 2158 118,
497 2115 559 2154 16.

202 2169 362 2207 Docetae
389 2170 448 2215 τὴν
472 2174 538 2206 τῶν
558 2175 710 2217 Δοκητῶν
727 2173 951 2221 ψυχρολογίαν

260 2233 281 2273 7
290 2235 324 2266 1,
338 2233 405 2273 35·

202 2276 396 2315 Estotiani
417 2277 583 2316 haeretici
612 2290 699 2329 157,
721 2292 783 2318 10.

202 2332 395 2370 Eusebius
415 2336 449 2370 ἐν
466 2337 508 2383 τῇ
528 2337 819 2386 Ἐκκλησιαστικῇ
835 2338 949 2372 Ἱστο-

258 2391 315 2435 ρίᾳ
336 2399 373 2432 2,
392 2396 430 2437 5-

204 2440 412 2492 Gregorius
447 2444 462 2478 5
494 2441 655 2492 Θεολόγος
687 2446 720 2480 ἐν
751 2450 800 2491 τῷ·
836 2446 881 2487 εἷς
913 2444 951 2481 τὸ

260 2497 399 2543 Πάσχα
418 2495 505 2544 λόγῳ
526 2496 591 2546 67.
611 2507 674 2546 27.

206 2548 378 2601 [gnatius
393 2552 408 2587 5
422 2550 581 2600 Θεοφόρος
595 2553 651 2589 καὶ
665 2554 792 2601 μάρτυς
808 2551 951 2604 (Epist.

260 2603 308 2641 ad
327 2603 461 2655 Magn.
483 2604 542 2654 9.)
565 2604 631 2655 67,
648 2618 714 2655 33.

204 2657 382 2695 Justinus
404 2658 468 2702 81,
490 2670 554 2698 21.

205 2711 451 2764 Lampetiani
488 2713 656 2753 haeretici
694 2714 759 2767 qui
797 2723 837 2754 et
868 2716 950 2754 Eu-

1061 1735 1182 1773 chetae
1201 1743 1242 1773 et
1257 1734 1578 1786 ΟρῙὶὶἃυί-κατὰ
1597 1739 1661 1772 τῶν
1679 1739 1755 1773 ἀνο-

1060 1792 1138 1827 σίων
1186 1795 1431 1838 Λαμπετιανῶν
1481 1788 1552 1836 ἤτοι
1605 1793 1756 1838 Εὗχιτῶν

1063 1845 1238 1892 (Εὗχητῶν
1258 1844 1356 1882 Cod.
1376 1843 1511 1893 Coisl.)
1532 1843 1552 1891 ἢ
1571 1848 1753 1895 Ὀφιανῶν,

1059 1901 1262 1948 πολυώνυμος
1293 1901 1359 1949 γὰρ
1389 1899 1408 1944 ἦ
1439 1901 1564 1945 πλάνη,
1594 1901 1665 1937 ἐπεὶ
1696 1901 1755 1937 καὶ

1059 1955 1274 2003 πολύμορφος.

1005 2007 1218 2046 Manichaei
1253 2020 1341 2057 130,
1362 2018 1426 2058 25.
1472 2019 1563 2058 132.
1580 2008 1620 2046 6.
1665 2008 1753 2059 158,

1065 2074 1130 2111 24.
1167 2075 1256 2113 159,
1276 2074 1339 2113 19.

1006 2115 1250 2155 Marcionitae
1275 2127 1366 2167 157,
1381 2129 1447 2166 30.
1483 2126 1571 2168 159,
1590 2117 1652 2155 18.

1006 2170 1211 2208 Nicola‘l‘tae
1237 2181 1325 2221 157,
1345 2183 1407 2221 27.

1009 2224 1217 2264 Pauliciani
1243 2238 1334 2275 132,
1352 2227 1389 2264 6.

1009 2278 1181 2318 Sethiani
1201 2280 1369 2318 haeretici
1395 2290 1484 2331 157,
1500 2293 1565 2330 3¹·

1009 2335 1167 2373 Severus
1187 2337 1202 2372 5
1220 2336 1423 2382 Ἀντιοχείας
1439 2337 1634 2377 Ἐπίσκοπος
1653 2339 1688 2373 ἐν
1706 2340 1755 2383 τῷ

1062 2391 1125 2436 [as-²
1140 2391 1228 2438 λόγῳ
1248 2402 1260 2426 1
1274 2401 1309 2433 2,
1328 2402 1389 2428 10.
1423 2393 1456 2427 ἐν
1474 2394 1517 2439 τῇ
1535 2390 1609 2440 πρὸς
1624 2389 1755 2428 Κόνωνα

1063 2447 1223 2494 ἐπιστολῇ
1243 2443 1332 2482 fort.
1358 2456 1448 2493 123,
1470 2456 1530 2482 10.

1009 2498 1116 2535 Simo
1145 2498 1165 2543 ἡ
1190 2499 1314 2548 αἵρεσις
1335 2499 1401 2536 ἀπὸ
1426 2500 1566 2547 Σίμωνος
1590 2510 1678 2549 119,
1704 2510 1751 2548 14

1063 2559 1102 2590 et
1123 2563 1189 2601 32.
1230 2562 1318 2602 154,
1341 2564 1404 2603 25.
1448 2563 1535 2602 Ῑ57,
1556 2565 1620 2603 29.
1663 2562 1752 2604 159»

1068 2619 1083 2643 Ῐ
1097 2619 1129 2644 Ῐ.

1007 2659 1269 2753 Valegntiniani
1284 2659 1453 2700 haeretici
1471 2671 1516 2711 15
1525 2671 1561 2711 7,
1571 2673 1594 2710 3
1604 2673 1619 2699 1
1628 2690 1637 2699 .
1662 2674 1676 2699 1
1687 2671 1751 2713 59,

1068 2728 1082 2752 1
1119 2744 1128 2754 .
