1826 3236
536 196 679 238 CAT.
706 197 774 239 IN
805 197 1004 239 CATH.
1026 198 1230 240 EPIST.

133 318 210 366 59,
236 309 305 350 18.
337 308 455 362 αὗτῆς
481 311 709 385 γενέσθαι]
733 312 852 356 αὐτὸς

193 365 388 421 γενέσθω
408 369 547 422 φησὶν

106 454 113 459 .
134 434 210 482 59,
230 437 301 468 21.
321 426 563 484 θυγάτερας]
588 428 812 482 θυγάτερες

70 508 75 512 ·
133 492 208 539 59,
229 495 298 539 23.
331 486 389 528 εἷς
417 485 488 527 τὸν
521 486 655 542 Θεὸν]
689 487 754 528 ἐπὶ
783 486 855 527 τὸν

193 541 308 583 Θεὸν
327 542 540 596 γενέσεως.

133 607 209 654 59,
233 611 302 653 29.
324 600 463 656 αὐτῆς]
486 602 617 646 αυτ-ὰς.

135 657 210 707 60,
230 657 270 698 6.
291 657 448 715 ὑμῖν]’
427 664 549 712 υμῶν.

136 715 210 765 60,
232 728 303 759 20.
321 715 533 789 Σευήρου]
560 716 738 771 Σευήρου
756 717 852 771 ὀΑρ

192 789 302 828 χιεπ.
321 773 501 830 ’.Αντιοχ

134 831 207 881 60,
226 843 294 875 21.
314 831 523 906 οὗρανίας]
545 833 765 887 οὐρανίους

133 861 208 939 6οΞ
229 902 298 934 21.
321 903 389 935 22.
409 888 591 946 ἦ-γᾶρ]
614 906 698 932 om.

134 946 208 997 60,
229 959 298 992 22.
320 951 537 1019 συνῆπται]
564 952 754 1002 συνῆπτο.

134 1005 207 1056 60,
227 1016 296 1061 27.
315 1005 362 1063 ἢ]
385 1006 462 1048 καὶ.

134 1063 207 1114 61,
234 1074 298 1121 15.
325 1063 399 1122 Τί]
430 1068 514 1107 Τοῦ
545 1067 851 1120 Χρυσοστόμου.

191 1122 257 1164 Τί.

133 1179 208 1231 61,
244 1191 313 1237 25.
361 1179 600 1238 “Ηο-υχίου.]
652 1179 855 1238 Ἱ-Ῑσυχίου

193 1239 497 1294 Πρεσβυτέρου.

134 1295 207 1348 6,1
227 1309 299 1353 31.
339 1295 594 1354 Βασιλείου.]
638 1299 854 1341 Βασιλείου

190 1356 319 1398 πάλιν
338 1356 395 1400 εἷς
415 1356 525 1398 αὐτὸ.

134 1412 185 1453 61
193 1426 297 1470 ,32.
317 1414 556 1470 προφήτης]
580 1414 787 1469 προφήτις.

133 1470 208 1523 62,
229 1473 269 1514 8.
289 1472 448 1528 ἡμέραι]
473 1471 604 1526 μέραι.

134 1528 543 1607 62,12.Κυρίλλου]
564 1532 685 1573 Τοῦ
665 1531 781 1585 αγίου
803 1534 851 1572 Κ.

192 1588 285 1644 ἆρχ·
303 1589 440 1641 ’-Αλεξ

134 1645 207 1697 62,
232 1659 298 1700 17.
317 1646 425 1702 μέγα
467 1647 574 1701 μέγα
594 1646 654 1699 δὴ.

133 1703 208 1755 62,
231 1705 298 1747 18.
320 1705 432 1761 ἔχειν
476 1706 644 1761 ἔχεινος.

135 1762 206 1811 62,
226 1776 296 1807 20.
315 1767 402 1805 Τοῦ
421 1762 748 1820 Χρυσοστόμου.]
770 1766 855 1806 Τοῦ

193 1821 327 1863 αὐτοῦ.

135 1878 207 1926 62,
232 1892 300 1923 22.
322 1879 395 1936 τῷ]
418 1894 500 1921 om.

135 1935 209 1987 62,
238 1950 263 1981 2
264 1947 309 1993 5
355 1922 639 1994 ἁρπαγημαῖα]
686 1939 854 1991 ἁρπαγι-

193 1999 305 2047 μαῖα.

134 2052 208 2103 62,
219 2066 293 2111 31.
316 2054 429 2095 ἐστιν
444 2052 573 2108 οἶμαι]
597 2052 706 2105 οἶμαι
727 2053 851 2093 ἐστιν.

134 2110 208 2162 62,
227 2125 299 2168 32.
338 2111 593 2166 Βασιλείου.]
635 2110 854 2152 Βασιλειου

194 2171 327 2212 ἐπισκ.
352 2170 524 2223 Καίσαρ.

137 2226 210 2282 63,
240 2229 280 2270 6.
320 2231 405 2270 Τοῦ
437 2228 575 2282 αυτοῦ]
618 2229 703 2268 Τοῦ
738 2225 855 2279 ἁγίου

193 2288 424 2338 βασιλείου.

135 2343 209 2398 63,
233 2357 299 2387 11.
321 2343 368 2400 ἡ]
389 2359 473 2386 om.

137 2401 210 2456 63,
250 2416 322 2446 20.
367 2401 522 2458 Ἀξιοι]
583 2403 668 2443 Τοῦ
721 2400 853 2442 αὐτοῦ.

188 2458 338 2512 Ἀξιοι.

138 2517 210 2572 63,
234 2531 305 2562 21.
318 2516 425 2590 γαρ]
447 2519 525 2571 γὰρ
545 2517 649 2561 τοὺς

136 2576 208 2630 63,
228 2586 298 2620 22.
318 2574 455 2631 Ἐπεὶ]
481 2576 672 2627 Διδύμου.
701 2573 832 2615 Ἐπεὶ.

137 2634 209 2688 63,
229 2644 298 2687 27.
322 2633 502 2687 Οὐκοῦν]
531 2635 617 2674 Τοῦ
635 2633 752 2686 ἁγίου
773 2635 853 2674 Κυ

193 2693 355 2745 pfflov.
387 2691 559 2733 Οὐκοῦν.

137 2749 209 2802 64,
230 2763 271 2806 9.
295 2749 472 2806 Σωτὴρ,]
497 2750 653 2803 Κύριος.

135 2807 207 2859 64,
234 2819 299 2849 12.
322 2808 503 2862 δύναται]
531 2806 758 2858 δυνήσεται.

138 2866 212 2918 64,
237 2879 305 2918 24.
327 2867 398 2907 τοῦ
416 2865 554 2920 τοῦτο]
578 2866 719 2907 τούτου
738 2866 821 2905 τοῦ.

138 2923 210 2974 64,
234 2934 302 2978 27·
322 2922 419 2979 μου]
441 2924 563 2976 ἡμῶν·

137 2982 209 3038 65,
235 2996 272 3023 1.
294 2982 402 3037 ὑμῖν]
428 2982 535 3034 ἡμῖν.

1542 201 1630 245 589

913 312 985 368 65,
1018 326 1055 356 2.
1099 314 1298 370 Χριστὸν]
1346 315 1524 369 Χριστὸν
1564 317 1628 357 καὶ

971 371 1042 412 οὐκ
1083 371 1195 413 εἶπεν
1233 373 1514 427 ὁμολογήσατε
1546 377 1626 415 Κυ-

969 430 1059 481 ρίου
1077 429 1149 471 τὸν
1168 430 1359 484 Χριστὸν.

914 487 939 527 6
942 496 986 541 5
1008 499 1046 529 2.
1069 487 1294 543 ἁγιάσετε]
1319 489 1527 542 ἁγιάσατε.

912 545 984 599 56,
1012 557 1077 599 13.
1099 546 1253 600 φόβον]
1281 547 1434 600 φόφον.

911 602 984 657 6,5
1009 615 1078 654 14.
1098 602 1190 659 τοῦ]
1214 618 1299 644 om.

911 660 983 715 65,
1006 673 1073 703 21.
1094 660 1336 718 λαλήσετε.]
1358 644 1580 714 λαλήσητε.

915 718 986 772 65,
1011 731 1080 761 21.
1102 719 1317 776 ἕτοιμοι]“
1296 737 1445 772 ετοιμοι
1465 721 1540 762 ἀεὶ.

915 776 941 816 6
941 786 986 830 5
1011 789 1077 820 22.
1101 776 1345 833 ἆντιλογία·]
1369 779 1616 835 ἀντιολογία.

915 834 987 884 66,
1012 847 1047 875 1.
1068 836 1272 892 λογισμῷ]
1297 839 1575 893 συλλογισμῷ.

914 892 986 942 66,
1010 905 1051 936 2.
1072 893 1224 950 δοκεῖν]
1247 897 1366 935 δοκεῖ.

913 949 985 1000 66,
1004 962 1047 1006 5.
1069 950 1204 1008 θέλοι]
1227 951 1339 1004 θέλη.

912 1009 981 1059 66,
1019 1022 1087 1053 20.
1121 1011 1361 1066 Κυρίλλου.]
1395 1013 1480 1052 Τοῦ
1512 1011 1629 1064 ἁγίου

972 1069 1020 1108 Κ.
1043 1069 1103 1109 ε’π.
1125 1066 1262 1120 Ἀλεξ.
1294 1069 1510 1122 Κυρίλλου.

911 1125 983 1174 66,
1008 1138 1075 1168 21.
1095 1123 1139 1181 ᾖ]
1164 1141 1247 1167 om.

914 1183 987 1233 66,
1010 1196 1077 1227 22.
1100 1183 1405 1240 ε’νηνθρῶπησε]
1432 1185 1627 1238 ἐνηνθρῶ-

971 1258 1079 1283 πισε.

914 1299 986 1349 66,
1018 1312 1087 1354 27.
1128 1299 1211 1357 Τῇ]
1252 1301 1451 1354 Τιμὸθεου
1494 1300 1629 1342 ἄλλοι.

912 1415 983 1468 67,
1003 1391 1046 1472 3.
1067 1414 1185 1474 ᾅδου]
1210 1415 1306 1472 ᾅδου
1328 1415 1590 1473 ἐπιφανέντα.

912 1475 985 1528 67,
1004 1488 1047 1527 4.
1067 1475 1328 1532 παράδοσιν,]
1350 1477 1567 1528 παραδοξα.

913 1532 986 1582 67,
1007 1533 1046 1573 6.
1070 1534 1286 1589 ἐπεφώνει]
1312 1531 1508 1586 ἐπεφάνη.

914 1591 985 1644 67,
1009 1601 1048 1644 7.
1079 1589 1362 1647 πιστεύοντας]
1384 1606 1629 1632 πιστευσαν-

971 1665 1052 1692 τας.

914 1707 986 1760 67,
1007 1721 1050 1763 9.
1088 1706 1430 1762 εἰδωλολατρίαις]
1468 1706 1629 1747 εἰδωλο-

973 1766 1190 1818 λατρείαις.

914 1822 986 1876 67,
1012 1824 1076 1864 18.
1106 1822 1316 1879 Σευῆρον]
1340 1821 1517 1874 Σευήρου
1537 1823 1627 1875 ἀρχ.

973 1882 1105 1922 ἐπισκ.
1158 1879 1269 1921 Ἀντ.
1320 1882 1364 1922 ἐκ
1413 1882 1482 1931 τῆς
1531 1879 1631 1932 πρὸς

972 1936 1200 1990 Ἀμμώνιον
1221 1939 1449 1989 ἐπιστολῆς.

915 1995 987 2048 67,
1007 2009 1077 2050 30.
1099 1995 1239 2050 οὕτως]
1264 1997 1424 2037 οὕτωσι.

916 2054 985 2104 68,
1007 2066 1048 2109 3.
1073 2054 1152 2095 Καὶ
1170 2053 1254 2106 μετ’
1275 2053 1418 2109 ὀλίγα]
1440 2069 1523 2095 om.

913 2111 985 2162 68,
1011 2123 1051 2165 7.
1094 2112 1434 2167 εἰδωλολατρίαις]
1470 2114 1631 2154 εἰδωλο-

973 2169 1188 2222 λατρείαις.

914 2226 986 2278 68,
1011 2228 1052 2268 8.
1074 2228 1290 2282 ἀθεμίτοις]
1317 2227 1559 2280 ἀθεμίστοις.

914 2285 984 2337 68,
1005 2299 1070 2327 10.
1092 2285 1162 2326 οὐκ
1183 2285 1431 2342 ἰσχύουσιν]
1456 2285 1631 2338 βλέπειν

969 2343 1039 2384 σῦκ
1057 2345 1216 2398 ἴσχυον.

915 2403 985 2452 68,
1007 2415 1072 2444 10.
1093 2400 1169 2457 τῷ]
1191 2400 1253 2442 τὸ.

915 2461 987 2511 68,
1011 2472 1076 2511 14.
1117 2459 1421 2518 ἆπολιπόντες,]
1464 2460 1628 2502 ἀπολεί-

972 2533 1129 2561 ποντες.

915 2576 985 2626 68,
1011 2585 1077 2629 17.
1106 2573 1370 2632 Ἀμμωνίου]
1403 2576 1630 2628 Ἀμμωνίου

972 2632 1263 2687 Πρεσβυτέρου
1284 2634 1329 2674 ἐν
1349 2633 1628 2687 Παραγράφω.

914 2691 986 2742 68,
1013 2702 1078 2745 17.
1100 2690 1355 2746 Καισάρως,]
1384 2691 1630 2745 Καισάρεως.

914 2750 985 2798 68,
1010 2762 1077 2792 21.
1099 2749 1314 2804 τύραννον]
1339 2749 1423 2790 τὸν.

914 2808 985 2858 68,
1010 2817 1078 2863 25.
1099 2806 1486 2861 ἐνανθρωστήσαντα]
1515 2808 1631 2850 ἐναν-

973 2865 1246 2918 θρωπίσανθα.

914 2924 986 2974 68,
1006 2936 1073 2978 29.
1097 2921 1448 2978 ἐλευθερωθῆναι,]
1472 2924 1630 2966 ἐλευθε-

970 2983 1159 3035 ρωθῆναι,
1181 2982 1331 3034 εἴρηται
1352 2979 1428 3034 γάρ
1448 2982 1587 3034 φησίν.
