1826 3236
227 199 315 241 520
471 199 756 243 ΕΞΗΓΗΣΙΣ
789 200 879 239 ΕΙΣ
909 199 1031 238 ΤΗΝ
1063 197 1448 238 ΑΠΟΚΑΛΤΨῙΝ.
1550 192 1718 249 VII.3.

228 321 463 383 γενήσεται,
487 324 562 377 τῆς
600 317 832 382 σφραγῖδος
864 322 936 365 τοῦ
968 321 1150 375 ζωοποιοῦ
1175 321 1349 380 σταυροῦ
1372 314 1624 380 διειργούσης
1646 319 1721 361 τῶν

230 398 410 446 ἀπίστων
444 398 534 452 τοῦς
568 395 753 453 πιστοὺς,
778 394 1193 461 πεπαρρησιασμένως
1227 395 1299 454 τῆν
1333 400 1402 443 τοῦ
1435 398 1621 459 Χριστοῦ
1646 414 1722 451 ση-

230 475 399 540 μείωσιν
423 475 576 525 ἔνῶπιον
599 482 674 523 τῶν
697 476 860 532 ἀσεβῶν
883 474 1093 539 φέροντας.

190 588 215 632 3
309 570 399 639 Μὴ
425 572 686 640 ἀδικήσητε
711 570 800 638 τὴν
825 573 934 639 γῆν.

298 659 377 712 εΩς
413 659 462 706 δι’
497 661 609 721 ἡμᾶς
643 657 912 721 γεγενημένης
953 662 1028 715 τῆς
1061 655 1247 713 κτίσεως,
1289 655 1587 719 παιδευομένοις
1626 658 1758 716 ἧμῒν5

232 746 405 788 κοινωνεῖ
434 737 498 786 ε’πῖ
533 743 626 790 ταῖς
660 738 870 799 μάστιξιν,
902 733 1034 801 ῶσπερ
1067 733 1136 783 καὶ
1168 733 1440 796 δοξαζομένοις
1470 741 1557 787 τοῖς
1591 734 1724 799 ἁγίοις

233 817 675 882 συμφαιδρυνθῆσεται.
711 815 777 863 διὰ
799 815 945 863 τούτων
969 815 1011 862 δὲ
1033 815 1279 878 μανθάνομεν
1302 811 1371 860 καὶ
1396 812 1490 866 τοῦς
1521 813 1723 878 ἐναρέτους

232 896 385 943 δεῖσθαι
422 896 687 958 δυναμωθῆναι
726 893 773 942 δι’
810 895 1040 958 ἀγγελικῆς
1077 892 1269 952 βοηθείας
1305 891 1380 956 πρὸ·
1413 898 1489 951 τῆς
1526 898 1600 940 τῶν
1636 914 1726 941 πει-

229 979 397 1038 ρασμῶν
421 974 650 1038 ἐπαγωγῆς,
685 979 740 1040 τῇ
775 972 961 1041 δεδομένῃ
996 975 1092 1036 ἡμῖν
1117 972 1322 1036 σφραγῖδι
1359 977 1429 1020 τοῦ
1463 972 1724 1035 Πνεῦματος,

231 1053 341 1101 κατὰ
380 1058 568 1101 τοσοῦτον
609 1051 906 1113 ἐπιδεικνυμένη
953 1051 1025 1110 τῆν
1066 1051 1213 1099 οἰκείαν
1255 1051 1432 1114 δύναμιν,
1475 1051 1643 1101 καθόσον
1677 1050 1726 1101 ἂν
1744 1074 1794 1100 ιο

232 1131 338 1198 αὗτῇ
376 1129 571 1195 ἐργασίαν
606 1130 928 1196 παρασχῶμεθα·
968 1136 1043 1178 τῶν
1077 1136 1222 1179 λοιπῶν
1261 1131 1450 1194 μενόντων
1493 1132 1728 1192 ἆβοηθῆτων

232 1210 324 1276 παρ’
350 1209 512 1267 οἰκείων,
536 1216 607 1258 τοῦ
629 1211 689 1273 μῆ
714 1215 906 1269 βοηθῆναι
932 1209 1108 1272 θέλημα.

194 1327 220 1367 6
308 1307 399 1360 Ἐκ
425 1309 586 1377 φυλῆς·
610 1305 791 1375 Ἀσήρ.

299 1392 379 1441 Ἐκ
413 1400 551 1454 φυλῆς
583 1393 703 1458 Ἀσήρ
738 1391 799 1450 ιβ’
828 1393 1033 1456 χιλιάδες.
1070 1395 1189 1458 Ἀσῆρ
1217 1393 1484 1460 μακαρισμὸς
1517 1396 1726 1459 ἔρμηνεῦεε

233 1495 318 1529 ται,
355 1473 405 1520 δι’
437 1471 479 1521 οῦ
512 1471 728 1520 δείκνυνται
771 1472 809 1521 οἷ
838 1478 911 1520 τῶν
940 1473 1183 1521 δεσποτικῶν
1208 1479 1478 1540 μακαρισμῶν
1512 1474 1579 1522 διὰ
1607 1485 1791 1532 πολι-15

235 1551 346 1605 τείας
370 1551 592 1613 ἀξιούμενοι
625 1558 700 1610 τῆς
735 1552 780 1600 ἐκ
803 1552 933 1608 δεξιῶν
956 1557 1026 1600 τοῦ
1061 1556 1246 1616 Χριστοῦ
1271 1555 1472 1607 στάσεως.
1509 1554 1553 1602 ἐκ
1587 1560 1726 1615 φυλῆς

236 1629 486 1693 Νεφθαλεῖμ
511 1628 574 1686 ιβ’
595 1630 801 1693 χιλιάδες.
837 1629 1089 1694 Νεφθαλεὶμ
1110 1633 1334 1697 προσευχῆ,
1359 1632 1408 1680 δι’
1431 1631 1481 1691 ῆς
1514 1655 1727 1699 χαρακτη-

232 1705 406 1772 ρίζονται
443 1708 480 1756 οἷ
513 1707 579 1756 διὰ
609 1715 839 1773 προσευχῆς
870 1708 1134 1757 ἀδιαλείπτου
1166 1716 1221 1776 τῷ
1256 1715 1347 1777 Θεῷ
1383 1711 1644 1775 κολλώμενοι,
1681 1713 1726 1760 ἐκ

234 1793 371 1848 φυλῆς
408 1791 621 1845 Μανασσῆ
646 1786 708 1843 ιβ’
730 1788 934 1852 χιλιάδες.
967 1793 1181 1849 Μανασσῆ
1216 1789 1482 1852 ἐπιλησμονῆ,
1517 1790 1727 1846 τουτέστιν

236 1865 274 1913 οἱ
305 1870 381 1913 τῶν
416 1864 573 1912 ὄπισθεν
609 1865 968 1928 ἐπιλανθανόμενοι,
998 1865 1068 1915 καὶ
1094 1873 1168 1915 τῶν
1204 1867 1391 1932 πατρῶων
1423 1868 1532 1917 οἴκων
1561 1869 1627 1918 διὰ
1659 1868 1725 1918 τὸν
1742 1887 1792 1913 20

236 1949 334 1992 θεῖον
370 1943 507 2008 ἐ’ρωτα.
547 1944 592 1992 ἐκ
627 1951 766 2005 φυλῆς
800 1947 965 2008 Συμεὼν
1002 1945 1064 2003 ιβ’
1098 1947 1303 2010 χιλιάδες.
1351 1949 1517 2011 Συμεὼν
1555 1948 1726 2008 ὑπακοῆ,

237 2022 392 2082 δηλαδῆ
425 2022 461 2070 οἶ
493 2021 541 2069 δι’
568 2022 744 2082 ὑπακοῆς
778 2030 852 2071 τῶν
880 2024 985 2073 θείων
1009 2025 1172 2073 ἐντολῶν
1197 2026 1473 2088 δικαιούμενοι.
1510 2027 1555 2075 ε’κ
1589 2033 1728 2089 φυλῆς

236 2102 351 2160 Λευὶ,
376 2100 440 2159 ιβ’
461 2102 667 2166 χιλιάδες.
706 2103 821 2160 Λευὶ,
846 2105 1210 2169 προσειλημμένος,
1235 2104 1283 2153 δι’
1308 2104 1352 2154 οῦ
1386 2112 1557 2154 νοοῦνται
1594 2106 1632 2154 οἱ
1660 2106 1728 2155 διὰ

236 2180 447 2235 πολιτείας
478 2182 730 2246 ἷεροπρεποῦς
759 2181 832 2230 ὑπὸ
863 2188 1047 2248 Χριστοῦ
1077 2185 1431 2248 προσειλημμένοι.
1462 2184 1597 2250 ὄγδοος
1631 2185 1674 2234 δὲ
1708 2187 1727 2234 o‘

236 2259 342 2308 Λευῒ
367 2261 582 2318 τέτακται,
606 2259 657 2314 ὦς
691 2260 801 2309 κατὰ
830 2262 903 2320 τῆν
934 2261 1075 2326 ὅγδόην
1110 2263 1262 2329 ἡμέραν
1293 2264 1365 2324 τῆν
1395 2264 1623 2312 ἀνάστασιν
1653 2270 1727 2324 τῆς
1743 2282 1790 2320 25

236 2338 405 2397 ἀληθοῦς
435 2339 643 2404 ἱερωσύνης
668 2340 1004 2403 ἆναδεικνῦμενος.
1041 2342 1086 2390 ἐκ
1119 2348 1257 2403 φυλῆς
1290 2341 1465 2408 Ἰσάχαρ
1499 2341 1564 2400 ιβ’
1582 2344 1728 2406 χιλιά-

238 2417 316 2470 δες.
352 2419 545 2483 Ἰσάχαρ,
580 2417 742 2482 μισθὸς,
778 2419 987 2468 τουτέστιν
1025 2421 1063 2469 οἱ
1095 2426 1170 2468 τῶν
1206 2421 1250 2469 ἔκ
1283 2426 1388 2469 Θεοῦ
1417 2426 1568 2484 μισθῶν
1601 2420 1728 2470 ἕνεκεν

238 2495 423 2560 ἔναρέτως
458 2496 774 2560 πολιτευόμενοι.
812 2498 857 2546 ἐκ
891 2505 1029 2559 φυλῆς
1064 2504 1288 2556 Ζαβουλῶν
1317 2498 1380 2556 ιβ’
1402 2501 1606 2563 χιλιάδες.
1642 2505 1728 2548 Ζα-

239 2576 395 2630 βουλὼν
427 2576 727 2640 κατοικητήριον
759 2576 973 2638 δυνάμεως,
998 2575 1023 2636 ῆ
1056 2577 1213 2635 εῦωδιά,
1243 2578 1293 2625 δι’
1319 2577 1363 2626 οῦ
1394 2583 1582 2636 νοοῦνται,
1607 2579 1645 2627 οἷ
1673 2584 1727 2646 τῇ

239 2652 431 2712 ἐνοικήσει
466 2659 536 2700 τοῦ
570 2659 753 2718 Χριστοῦ
785 2656 894 2703 κατὰ·
918 2660 992 2703 τῶν
1014 2661 1141 2704 παθῶν
1172 2655 1459 2719 δυναμωθέντες
1493 2654 1561 2705 καὶ
1586 2656 1728 2705 εὐωδία
1741 2674 1792 2712 30

239 2730 345 2797 αὐτῷ
369 2730 587 2794 γενόμενοι.

202 2836 225 2876 8
314 2821 404 2872 Ἐκ
430 2824 592 2892 φυλῆς
617 2821 821 2894 Ἰωσήφ.

305 2904 384 2952 Ἐκ
418 2912 555 2966 φυλῆς
586 2906 743 2969 Ἰωσῆφ
773 2907 834 2965 ιβ’
857 2910 1059 2973 χιλιάδες·
1086 2908 1241 2971 Ἰωσῆφ
1264 2909 1495 2974 πρόσθεσις,
1520 2911 1728 2960 τουτέστιν

241 2983 278 3031 οἷ
305 2983 342 3031 ἐν
365 2984 590 3047 προσθήκης
614 2987 726 3050 μέρει
753 2986 825 3034 σῦν
856 2993 909 3054 τῇ
940 2988 1146 3053 βασιλεία
1180 2995 1254 3037 τῶν
1281 2989 1442 3055 οὐρανῶν
1474 2990 1528 3049 w]
1551 2988 1647 3056 πρὸς
1682 2988 1727 3051 τὸ
