1800 3172
198 206 246 251 iv
760 201 1116 244 MoNlTUM.

268 336 522 382 “Arethas
554 334 639 395 qui
672 338 720 379 et
750 333 852 392 ipse
884 336 993 391 post
1015 330 1264 376 Andream
1290 328 1529 374 Caesareae
1561 327 1688 389 ejus-

200 431 229 451 “
248 426 355 471 dem
398 424 449 469 in
488 421 791 482 Cappadocia
829 419 1235 479 Archiepiscopus
1270 416 1420 463 fuisse
1461 414 1688 466 traditur,

201 520 231 541 ‘⁶
248 515 372 560 forte
396 513 526 558 haud
551 511 768 557 diversus
793 517 864 556 est
888 509 948 554 ab
971 507 1176 560 Aretha,
1200 505 1285 566 qui
1311 506 1469 551 adhuc
1491 503 1690 564 presby-

203 608 230 628 “
251 608 324 648 ter
362 599 693 651 Caesareensis‚
737 597 928 658 scripsit
969 597 1028 642 de
1068 593 1385 641 translatione
1427 590 1690 652 Euthymii

202 697 230 717 ‘⁶
252 689 549 736 Patriarchae
582 687 717 747 Cpol.
748 686 811 733 A.
827 686 879 733 C.
906 688 1000 737 911
1029 683 1273 731 defuncti:
1323 698 1479 742 neque
1511 681 1692 741 impro-

203 783 231 803 “
251 776 421 823 babilis
453 777 557 823 haec
595 776 715 822 mihi
741 775 931 822 videtur
955 774 1009 820 C.
1025 773 1086 820 V.
1113 772 1341 819 Casimiri
1365 770 1551 818 Oudini
1580 784 1693 816 con-

203 873 232 892 “
245 867 449 928 jectura.
520 864 654 910 Idem
702 870 843 918 certe,
886 863 1024 924 cujus
1075 876 1233 908 sermo
1280 862 1339 907 de
1386 859 1692 922 Martyribus

205 960 231 980 ‘⁶
253 954 421 1009 Guria,
448 954 655 999 Samona
691 958 738 998 et
771 951 932 998 Abibo
966 951 1146 1014 legitur
1174 957 1210 997 t.
1239 954 1283 997 3.
1310 948 1619 1010 Lipomanni‚
1645 954 1694 995 et

204 1049 231 1069 ‘⁶
251 1043 378 1102 apud
403 1041 600 1087 Surium
628 1044 689 1086 15
716 1041 838 1086 Nov.
910 1040 1035 1103 Ejus
1060 1040 1250 1103 insigne
1286 1039 1335 1085 in
1360 1038 1692 1100 Apocalypsin

205 1137 231 1155 “
252 1145 371 1189 opus
409 1128 595 1190 συλλογὴ
631 1127 855 1190 ἐξηγήσεων
892 1128 936 1175 ἐκ
972 1125 1166 1190 διαφόρων
1197 1126 1320 1189 ἁγίων
1352 1125 1494 1189 ἀνδρῶν
1530 1125 1586 1177 εἷς
1624 1125 1695 1182 τὴν

205 1227 233 1246 “
251 1217 440 1274 Ἰωάννου,
464 1223 534 1265 τοῦ
568 1217 825 1280 ἠγαπημένον
853 1215 922 1264 καὶ
955 1217 1255 1280 εὐαγγελιστοῦ
1284 1214 1570 1272 Ἀποκοίλυψιν,
1595 1215 1694 1275 pri-

206 1315 235 1334 “
254 1324 387 1354 mum
430 1308 596 1354 Graece
638 1308 817 1367 prodiit
858 1308 918 1353 ad
960 1309 1134 1353 calcem
1174 1304 1447 1351 OEcumenii
1483 1303 1694 1350 Veronae

208 1403 235 1422 ‘⁶
259 1400 403 1451 1532,
422 1397 503 1442 fol.
530 1396 705 1442 Latine
730 1396 874 1442 vertit
897 1396 972 1442 Jo.
997 1395 1269 1441 Hentenius
1298 1393 1450 1439 Paris,
1474 1395 1620 1443 1547.
1648 1395 1694 1439 8.

207 1491 234 1510 ‘⁶
254 1492 302 1530 et
338 1491 443 1544 post
471 1485 770 1531 Hentenium
803 1484 1051 1531 Maximus
1077 1484 1388 1530 Florentinus
1422 1483 1695 1530 Monachus

208 1580 234 1598 ‘⁶
255 1573 554 1619 Cassinensis
580 1573 730 1619 Basil.
758 1576 901 1619 1554.
924 1577 969 1619 8.
995 1579 1042 1619 et
1067 1573 1117 1619 in
1145 1573 1461 1619 Bibliothecis
1489 1573 1694 1619 Patrum

208 1668 234 1687 ‘⁶
256 1669 311 1708 ut
334 1662 653 1725 Lugdunensi
677 1662 737 1708 T.
762 1662 827 1708 ix.
899 1663 1063 1723 Atque
1088 1661 1256 1708 Graece
1293 1669 1340 1707 et
1374 1662 1550 1708 Latine
1585 1678 1694 1709 cum

209 1758 235 1776 ‘⁶
258 1751 491 1797 Hentenii
527 1752 742 1798 versione
781 1752 920 1798 Fred.
948 1752 1180 1798 Morellus
1217 1751 1380 1797 recudi
1417 1752 1604 1798 curavit
1636 1753 1694 1798 ad

210 1846 237 1864 ‘⁶
257 1842 430 1886 calcem
473 1842 744 1887 OEcumenii
787 1842 940 1888 Paris.
980 1840 1106 1888 1631
1146 1843 1227 1888 fol.
1270 1843 1322 1888 in
1364 1842 1550 1889 Graecis
1597 1845 1698 1889 sola

210 1935 236 1954 ‘⁶
258 1929 524 1975 Veronensi
549 1930 757 1976 editione
783 1947 912 1985 usus,
938 1948 1091 1992 neque
1120 1932 1373 1992 interpreti
1399 1933 1699 1979 emendando

211 2024 238 2042 ‘⁶
260 2018 477 2064 adhibita
523 2019 776 2075 industria,
814 2023 951 2082 cujus
993 2025 1249 2069 nonnullas
1297 2022 1698 2069 hallucinationes

211 2114 239 2131 ‘⁶
259 2108 575 2168 castigaverat
608 2108 710 2154 Jac.
748 2109 922 2155 Billius
963 2111 1013 2156 in
1050 2111 1483 2157 Observationibus
1522 2111 1702 2164 SacriS‚

212 2199 239 2219 ‘⁴
259 2196 661 2254 quemadmodum
713 2196 883 2243 Graeca
929 2215 988 2244 ex
1037 2200 1142 2246 MS.
1191 2200 1319 2246 Bibl.
1371 2200 1492 2261 Reg.
1544 2199 1698 2246 Paris.

211 2289 239 2306 ‘⁶
260 2284 584 2329 emendatiora
620 2285 726 2331 dari
762 2302 899 2345 posse
936 2288 1119 2334 notavit.
1156 2288 1263 2335 Ric.
1299 2289 1481 2334 Simon.
1517 2289 1624 2335 Lib.
1654 2293 1699 2335 3.

212 2377 238 2395 ‘⁶
263 2371 391 2416 Hist.
418 2372 612 2418 Criticae
640 2373 700 2417 N.
719 2374 778 2419 T.
805 2390 849 2433 p.
869 2373 1012 2420 468.”
1063 2376 1311 2423 Hactenus
1339 2377 1608 2423 Fabricius.

279 2459 369 2504 His
387 2475 497 2505 vero
512 2461 983 2509 Commentatoribus
995 2471 1014 2491 ἢ
1033 2465 1081 2509 in
1100 2466 1431 2527 Apocalypsin
1450 2467 1700 2513 addendus

212 2554 280 2593 est
318 2548 631 2594 OEcumenius
664 2549 933 2611 Episcopus
965 2553 1152 2600 Triccae
1189 2555 1237 2600 in
1270 2555 1536 2611 Thessalia,
1562 2558 1703 2618 cujus

214 2635 406 2682 Scholia
438 2637 677 2684 habent-ur
708 2638 760 2685 in
784 2640 900 2686 Cod.
928 2641 1072 2687 Coisl.
1101 2647 1213 2689 224.
1239 2660 1263 2689 e
1290 2661 1386 2705 quo
1412 2645 1701 2704 prooemium

271 2791 290 2812 ὃ
317 2785 423 2823 Inest
449 2786 489 2823 in
516 2787 618 2825 Bibl.
640 2789 753 2827 Card.
776 2790 967 2829 Ottobon.
990 2792 1125 2830 Romae
1154 2796 1375 2832 Connnent.
1398 2793 1501 2833 ined.
1524 2793 1703 2846 Autolyci

215 2851 334 2887 Cariae
369 2850 407 2887 in
438 2852 558 2902 Apoc.
593 2853 675 2890 Ine.
700 2857 858 2898 πολλάκις
887 2858 1031 2902 αἰτηθεὶς
1058 2858 1117 2895 ὑπὸ
1146 2863 1273 2896 πολλῶν
1302 2858 1340 2902 ἐξ
1368 2863 1513 2908 ἀγάπης.
1554 2860 1702 2898 Montf.

214 2914 314 2952 Bibl.
338 2915 553 2954 Bibliothb.
576 2925 605 2956 t.
630 2917 652 2956 i.
674 2932 712 2969 p.
736 2918 809 2955 186
831 2920 874 2956 C.
