1826 3236
212 205 299 249 586

213 336 286 379 30,
326 335 398 378 30.
452 320 673 377 χρώμενος]
737 319 929 376 κεχρημέ-

272 397 352 425 νος.

211 453 285 496 30,
326 452 397 495 31.
449 437 590 493 χόρον]
641 439 767 493 χόρον
815 454 934 491 μετα-

271 514 382 541 στας.

210 568 285 611 30,
305 569 374 612 31.
398 554 608 610 ἁμαρτίας]
631 555 809 607 ανομίας.

212 628 285 670 31,
312 627 346 655 1.
369 613 440 671 τῷ]
461 614 520 655 τὸ.

211 686 285 728 31,
309 685 347 717 2.
369 673 441 729 τῷ]
461 672 523 714 τὸ.

211 744 285 787 31,
307 745 346 787 9.
369 730 483 787 ὅταν]
506 731 560 772 ὅτ’
579 730 643 772 ἄν.

211 802 285 845 31,
311 802 379 845 13.
413 787 694 844 ἀποκάκωμεν]
723 786 931 840 ἆποκάμω-

268 863 357 899 μεν.

211 918 284 961 31,
310 918 376 959 14.
402 905 543 957 ἐξελοῦ
563 903 644 960 με,]
669 906 893 957 ἐξελοῦμαι.

211 977 284 1019 31,
307 964 376 1008 26.
428 962 705 1020 φιλοψοφίας]
755 966 935 1017 φιλοψο-

270 1022 372 1076 γίας.

212 1093 287 1136 31,
310 1093 379 1136 29.
401 1079 569 1135 ἑαυτῶν]
591 1079 764 1123 ἑαυτοὺς.

211 1151 285 1194 32,
317 1138 355 1180 8.
400 1137 638 1194 Κυρίλλου.]
683 1141 767 1180 Τοῦ
818 1138 935 1192 ἁγίου

272 1197 494 1251 Κυρίλλου.
532 1222 538 1227 -

212 1268 285 1311 32,
311 1268 375 1312 13.
400 1254 546 1311 τόκοις]
567 1257 689 1297 τόκοι.

211 1325 285 1370 32,
308 1326 377 1369 29.
397 1313 602 1371 μισθωτῷ]
623 1315 837 1369 μισθιωτῷ.

212 1385 286 1428 33,
312 1385 375 1413 10.
400 1372 553 1428 κτῆσις]
577 1373 716 1416 κτίσις.

211 1443 284 1486 33,
306 1443 371 1474 12.
397 1430 527 1486 σοροὶ]
551 1431 689 1485 σωροὶ.

211 1501 285 1544 34,
306 1488 344 1530 8.
368 1488 540 1544 τροφὴν]
562 1488 730 1543 τρυφὴν·

212 1560 285 1603 34,
307 1561 349 1603 9.
371 1546 615 1603 ἐκλύουσαν]
638 1549 879 1589 ἐκκλουσαν.

215 1618 289 1661 34,
314 1605 379 1646 18.
423 1604 658 1660 Κυρίλλου]
699 1608 784 1647 Τοῦ
820 1606 937 1659 ἁγίου

274 1663 493 1716 Κυρίλλου.

214 1729 288 1776 35,
310 1722 350 1763 8.
371 1719 486 1776 ὅταν]
509 1719 565 1762 ὅτ’
587 1721 649 1763 ἄν.

215 1788 288 1835 35,
309 1792 376 1820 10.
399 1778 493 1834 ἄγῃ]
517 1779 619 1833 ἄγει.

214 1847 288 1893 35,
319 1837 373 1879 ad
404 1852 511 1878 vers.
531 1837 568 1878 8.
593 1837 855 1891 παραινέσεις
885 1838 937 1879 ἰδι

275 1895 340 1937 καὶ
362 1894 517 1951 ἑκάστῳ
541 1895 818 1950 προσήκουσαι
837 1898 938 1948 μετὰ

273 1953 461 1997 πίστεως.

217 2021 290 2068 35,
316 2023 382 2065 17.
412 2010 533 2064 Ῥητᾶ
560 2011 833 2068 Προκείμενα]
852 2010 940 2066 Ῥη-

275 2073 344 2111 τοῦ
367 2069 654 2124 Προκειμένου.

216 2138 290 2184 35,
313 2141 382 2172 21.
419 2127 703 2184 ὀδυνώμενος,]
742 2129 938 2182 ὀδυνώμε-

277 2203 344 2230 νος
365 2185 423 2228 δέ.

217 2253 291 2300 35,
314 2256 385 2289 21.
406 2244 587 2301 ἔδωκεν,]
611 2244 773 2296 ἔδωκεν,
796 2246 871 2287 καὶ.

217 2312 291 2359 35,
314 2315 383 2359 23.
436 2303 705 2359 ἀφαιρείσθω]
753 2305 937 2359 ἀφαιρεί-

278 2363 387 2402 σθαι.

219 2427 293 2474 35,
315 2431 384 2473 24.
407 2417 521 2475 ὅταν]
544 2417 599 2460 ὅτ’
622 2419 687 2461 ἄν.

220 2486 293 2532 35,
315 2486 387 2535 25.
409 2477 536 2533 ἀλλὰ]
560 2478 670 2519 ἀλλὰ
691 2478 769 2520 καὶ.

221 2548 295 2590 35,
319 2548 387 2591 29.
412 2534 492 2591 καὶ]
513 2550 598 2576 om.

221 2593 295 2648 36,
317 2606 358 2649 9.
379 2592 541 2649 μέλλει]
563 2593 742 2646 μέλλεις.

223 2651 296 2706 36,
319 2665 359 2707 9.
381 2650 468 2707 τὰς]
490 2666 571 2693 om.

224 2709 296 2764 36,
318 2723 359 2765 9.
379 2708 636 2765 προφάσεις,]
658 2709 887 2766 προφάσῃς.

225 2767 297 2821 36,
323 2767 389 2808 16.
411 2766 472 2823 τί]
494 2768 536 2809 τί
553 2770 630 2816 δαί.

225 2824 298 2879 36,
317 2825 383 2866 16.
404 2823 490 2880 οὐκ]
512 2825 619 2868 οὐτὸ.

227 2882 300 2937 36,
326 2892 393 2936 17.
430 2883 495 2924 ἐπὶ
525 2883 570 2924 τὸ
606 2883 822 2939 ἐπιορκεῖν]
865 2884 944 2925 ἐπι-

287 2940 434 2991 ὁρκεῖν.

229 2997 302 3052 36,
326 3009 392 3041 20.
417 2996 513 3052 Διὰ]
534 3001 618 3039 Τοῦ
639 2998 771 3040 αὐτοῦ.
819 3001 913 3041 Διὰ.

455 206 643 247 VARR.
667 204 900 247 LECTT.
926 206 1067 248 COD.
1094 206 1292 248 COISL.
1320 207 1472 249 XXV.

992 320 1065 376 36,
1098 333 1165 364 22.
1201 320 1436 378 Κυρίλλου]
1476 323 1560 364 Τοῦ
1595 323 1717 377 ἁγίου

1053 379 1257 432 Κυρίλλου
1274 378 1600 435 Ἀλεξανδρείας.

993 436 1157 493 36,’33.
1179 437 1239 481 τὶς
1259 437 1406 491 διάγει]
1432 438 1560 494 διάγει
1579 440 1655 483 τίς.

993 496 1065 551 36,
1087 509 1159 552 33.
1199 496 1492 553 παρακαλεῖτο]
1530 514 1710 552 παρακα-

1050 555 1184 596 λείτω.

992 624 1065 668 37,
1092 625 1159 654 11.
1194 612 1496 670 ἐνεργουμένη]
1525 615 1713 668 ἐνεργου-

1050 669 1152 723 μένη
1170 671 1217 712 'E
1227 679 1292 717 9⁶⁰·

993 739 1045 785 37
1053 761 1066 779 ,
1083 742 1149 773 12.
1168 723 1296 787 ἐστιν]
1320 730 1432 772 ἐστιν
1452 729 1514 771 τὸ.

992 798 1046 844 37
1052 819 1065 838 ,
1091 801 1155 841 14.
1179 787 1361 844 ποιῆσαι]
1384 791 1556 840 ποιῆται.

994 857 1068 902 37,
1090 855 1157 902 15.
1178 846 1323 904 λόγῳ,]
1344 848 1472 903 λόγῳ,
1493 846 1570 889 καὶ.

994 915 1048 961 37
1054 936 1068 955 ,
1091 917 1161 949 21.
1185 904 1354 962 ὁπόταν]
1376 903 1485 947 ὁπότ’
1509 905 1574 947 ἄν.

994 974 1049 1020 37
1054 994 1068 1013 ,
1091 976 1158 1007 22.
1186 963 1503 1021 διαπράττηται,]
1523 965 1714 1019 διαπράτ-

1052 1038 1176 1064 τεται.

994 1090 1067 1136 37,
1090 1093 1159 1135 23.
1181 1080 1261 1137 διὰ]
1283 1095 1365 1123 om.

993 1149 1049 1194 37
1055 1170 1068 1189 ,
1092 1140 1159 1182 28.
1193 1138 1549 1196 πλημμελήματος]
1582 1143 1715 1193 πλημ-

1052 1199 1287 1250 μελοῦντος.

995 1264 1049 1311 37
1055 1287 1068 1306 ,
1091 1268 1160 1312 29.
1183 1254 1396 1311 ἀνονήτου]
1418 1254 1605 1308 ἀνοήτου.

994 1313 1068 1369 38,
1088 1324 1131 1369 5.
1153 1313 1410 1370 ἀβελτερίας]
1427 1314 1688 1368 ἀβελτηρίας.

995 1372 1068 1428 38,
1091 1373 1130 1414 8.
1150 1372 1359 1428 προθέσει]
1381 1372 1616 1427 προσθέσει.

995 1430 1068 1486 38,
1094 1443 1161 1473 11.
1184 1430 1372 1487 ἰσχυρὰν]
1396 1432 1604 1486 εἰσχυρὰν.

995 1488 1068 1544 38,
1089 1488 1144 1530 ad
1166 1504 1272 1532 vers.
1297 1490 1363 1531 16.
1396 1488 1451 1530 ὅτ’
1474 1490 1526 1532 ἄν
1546 1490 1568 1531 6
1592 1506 1719 1544 προσ-

1057 1547 1276 1602 ευχόμενος
1298 1548 1363 1589 καὶ
1391 1549 1492 1602 ὑπὲρ
1523 1548 1569 1589 οὓ
1595 1564 1720 1602 προσ-

1057 1606 1189 1660 εύχεις
1208 1606 1420 1661 σύμψυχοι
1454 1605 1530 1648 ὦσι
1556 1605 1621 1648 ἐπὶ
1647 1609 1722 1648 τοῦ

1056 1662 1308 1716 ζητουμένου.

996 1720 1070 1776 38,
1082 1720 1138 1762 ad
1151 1736 1260 1763 vers.
1279 1722 1346 1763 18.
1361 1720 1436 1763 Ἐν
1451 1721 1498 1779 τῇ
1514 1722 1624 1779 τρίτῃ
1639 1725 1721 1764 τῶν

1050 1783 1277 1831 βασιλειῶν
1289 1779 1394 1835 φησὶ
1407 1779 1472 1821 καὶ
1480 1780 1594 1822 εἶπεν
1603 1781 1721 1833 ἡλίου

1055 1838 1077 1878 6
1100 1838 1308 1892 προφήτης
1335 1839 1380 1880 ἐκ
1396 1841 1521 1890 Θεσβ
1543 1840 1611 1890 τῆς
1638 1841 1717 1880 Γα-

1056 1897 1165 1937 λαὰδ
1185 1896 1285 1950 πρὸς
1310 1897 1477 1951 Ἀχαᾶβ
1497 1895 1541 1948 ζῆ
1574 1896 1720 1950 Κύριος

1058 1954 1080 1994 6
1103 1953 1210 1998 Θεὸς
1237 1957 1318 1996 τῶν
1338 1953 1546 2007 δυνάμεων
1567 1955 1588 1996 6
1612 1953 1722 1999 Θεὸς

1057 2010 1331 2066 Ἱηρουσαλὴμ
1350 2010 1383 2069 ᾧ
1401 2011 1608 2066 παρέστην
1624 2012 1720 2055 ἐνώ-

1058 2086 1152 2112 πιον
1185 2071 1306 2113 αὐτοῦ
1342 2072 1378 2113 εἰ
1418 2070 1534 2112 ἔσται
1566 2072 1616 2113 τὰ
1652 2070 1723 2123 ἔτη

1057 2131 1182 2170 ταῦτα
1212 2129 1359 2183 δρόσος
1387 2129 1448 2171 κοὶ
1467 2128 1582 2173 ὑετὸς
1602 2129 1664 2171 ὅτι
1685 2130 1723 2172 εἰ

1056 2186 1110 2239 μὴ
1130 2188 1195 2228 διὰ
1216 2189 1414 2240 στόματος
1433 2188 1560 2241 λόγου
1579 2203 1671 2240 μου.

998 2246 1069 2301 38,
1095 2256 1165 2300 25.
1187 2243 1295 2301 Ἵνα]
1323 2245 1437 2299 Πρὸς
1456 2248 1581 2287 ταῦτα
1606 2245 1679 2287 οὖν
1699 2246 1723 2286 6

1058 2303 1171 2357 ἅγιος
1205 2301 1395 2356 Ἰωάννης
1431 2304 1452 2345 6
1488 2303 1725 2357 Χρυσόστο-

1060 2378 1135 2414 μος
1156 2362 1420 2415 ἐξηγούμενος
1439 2362 1582 2415 φησίν.
1606 2359 1712 2404 Ἵνα.

1002 2418 1076 2476 38,
1098 2419 1168 2462 28.
1190 2420 1271 2461 Καὶ
1288 2418 1372 2473 μετ’
1395 2419 1533 2476 ὀλίγα]
1555 2434 1638 2461 om.

1001 2491 1075 2534 39,
1108 2490 1176 2522 21.
1223 2477 1573 2533 περιστείλωμεν]
1615 2493 1724 2531 περι-

1063 2536 1302 2589 στείλωμεν·
1368 2537 1425 2579 εἷς
1487 2535 1559 2578 τὸν
1623 2535 1724 2590 ἀέρα

1061 2592 1194 2635 πάντα
1216 2594 1454 2648 ἐρρίψαμεν.

1003 2664 1075 2708 39,
1099 2662 1168 2706 27.
1200 2650 1520 2707 ἀποτειχίζοντα]
1553 2651 1726 2707 ἀποσχί-

1061 2714 1193 2759 ζοντα.

1003 2781 1077 2824 39,
1097 2780 1122 2823 3
1127 2781 1167 2824 3.
1210 2767 1505 2824 καταβάλλειν]
1548 2770 1726 2819 καταβα-

1063 2830 1167 2867 λεῖν.

1005 2896 1080 2937 40,
1105 2897 1143 2925 1.
1165 2886 1361 2926 Τοιοῦτον
1381 2883 1444 2940 τὸ]
1465 2885 1636 2925 Τοιοῦτο
1656 2885 1725 2924 τῶ.

1006 2954 1080 2995 40,
1103 2955 1141 2986 2.
1164 2941 1298 2998 ἔσται]
1325 2941 1413 3000 ἔσῃ.

1007 3013 1082 3053 40,
1102 3013 1142 3053 4.
1167 2998 1314 3056 στόμα]
1340 3001 1470 3052 στόμα
1491 3000 1547 3041 δὲ.
