1826 3236
538 198 683 240 CAT.
708 199 776 240 IN
807 199 1004 241 CATH.
1026 200 1231 241 EPIST.

141 315 237 368 132,
258 318 300 366 5.
328 310 615 368 Προῶδευσεν]
636 312 848 366 Προῶὃευ·

194 384 288 410 σαν.

138 438 236 482 132,
259 426 300 467 6.
342 427 663 482 διαγορεύοντες]
702 428 852 481 ἀναγο-

190 483 392 537 ρεύοντες.

137 552 236 597 132,
262 554 329 598 13.
349 540 444 597 γὰρ]
465 542 544 595 γὰρ
565 542 643 583 καὶ.

137 611 235 654 132,
259 611 327 654 29.
352 599 437 655 [ὁ]]
464 600 499 640 ὁ.

137 668 235 712 132,
254 669 325 713 30.
346 656 392 698 τὸ
413 657 649 711 ἀγαπᾶσθαι
668 658 755 712 τοῦ]
780 659 852 698 τοῦ

192 714 427 768 ἀγαπᾶσθαι
447 714 505 755 τὸ.

136 784 234 827 133,
257 771 296 813 6.
319 771 542 826 ἀλλήλους]
566 770 774 823 ἀλλήλοις.

135 841 232 885 133,
258 841 325 884 19.
346 829 521 884 λῃστὰς]
545 830 700 874 λιστᾶς.

136 899 234 942 134,
258 895 297 940 7.
317 886 407 942 τὴν]
428 901 511 927 om.

134 956 234 1000 134,
257 943 297 985 8.
320 943 424 985 εἶναι
442 942 535 999 τὸν]
558 943 629 985 τὸν
649 947 731 986 τοῦ.

135 1014 233 1058 134,
257 1001 326 1045 28.
347 1000 439 1057 οὐκ]
461 1001 508 1043 οὐ
530 1000 627 1044 κατ’.

133 1068 234 1116 135,
266 1071 335 1104 22.
374 1058 629 1115 πράγμασιν]
676 1077 851 1113 προστα-

188 1133 354 1170 γμασιν.

135 1186 231 1231 135,
244 1187 316 1231 34.
332 1175 592 1230 ἀξιωθέντας]
611 1174 848 1227 ἀξιοθέντες.

134 1233 231 1289 13
251 1242 293 1288 5.
316 1230 496 1287 ἑνώσαν]
521 1234 714 1276 ἑνώσεως.

135 1291 232 1346 136,
257 1303 325 1334 22·
347 1290 489 1347 φόβῳ]
514 1293 622 1347 Θεῷ.

134 1349 334 1419 13623.
370 1351 510 1390 πᾶσαν
552 1349 689 1401 αὐτοῦ]
731 1348 851 1390 αὐτοῦ

187 1408 339 1448 πᾶσαν.

134 1464 231 1519 136,
254 1473 323 1517 27.
346 1464 430 1516 καὶ]
457 1464 522 1505 καὶ
541 1466 620 1516 τῆς.

136 1521 232 1578 138,
254 1534 295 1577 3.
316 1523 389 1595 τω]
412 1525 495 1563 τοῦ.

137 1578 232 1635 138
257 1591 326 1623 22.
340 1563 481 1630 Ηδει]
499 1578 635 1637 ’ῌδει-

136 1636 233 1693 138,
257 1649 324 1693 23.
345 1622 554 1691 Χριστὸς,]
580 1637 768 1690 Χριστὸς,
791 1638 826 1678 6.

137 1695 233 1750 138,
257 1706 324 1748 27.
347 1694 515 1748 ἔργα]”
493 1712 627 1750 εργον.

134 1764 235 1808 139,
254 1765 296 1808 3.
319 1751 446 1807 ἔχειν,
464 1752 530 1805 ἧς]
555 1753 603 1804 ἧς
624 1752 747 1807 ἔχειν.

136 1822 234 1866 139
254 1818 297 1864 5.
317 1809 409 1863 τὸν]
434 1824 518 1850 om.

135 1879 232 1923 139
248 1867 289 1907 6.
315 1869 576 1920 κατωφερεῖς]
604 1871 849 1920 κατοφερεῖς.
875 1911 878 1915 ,

135 1938 235 1981 139
259 1933 298 1977 7.
319 1923 453 1977 λέγει]
477 1924 610 1977 λέγοι.

136 1995 235 2038 139,
258 1982 297 2022 8.
318 1980 469 2034 βαρέα]
493 1985 652 2042 βαρεῖα.

134 2053 231 2096 139,
257 2048 324 2094 15.
345 2039 370 2090 ἡ
391 2039 514 2090 νίκη]
520 2053 604 2079 om.

134 2110 231 2154 139,
258 2107 324 2150 17.
346 2097 464 2148 οὕτω]
490 2097 512 2136 6
534 2097 647 2137 οὕτω.

133 2168 231 2211 139,
255 2166 324 2210 23.
344 2153 538 2208 χρηστὸς]
562 2151 751 2206 Χριστὸς.

135 2226 231 2269 139
255 2221 324 2267 25
355 2210 633 2264 ἀπηλλάξατέ]
666 2209 850 2251 ἀπαλλά-

189 2268 297 2321 ξατέ.

133 2340 230 2384 139
255 2334 323 2380 27.
347 2325 526 2378 ζητείων]
554 2325 671 2376 ζητεῖ.

135 2397 232 2439 140,
258 2397 324 2439 13.
347 2382 551 2435 ἆΐξαντος]
578 2381 811 2433 στάξαντος.

135 2455 232 2496 140,
253 2453 322 2485 22.
344 2439 394 2497 ᾧ]
419 2441 487 2481 ὧν.

135 2512 231 2554 140,
247 2511 316 2551 24.
337 2499 406 2540 ὅτε
423 2498 536 2550 ἐνομ.
552 2497 618 2538 καὶ
635 2500 703 2550 βρ.
722 2496 844 2551 εἶναι]

188 2570 273 2597 om.

135 2626 231 2668 141,
253 2625 322 2656 20.
344 2614 385 2665 6]
408 2613 431 2653 6
450 2611 520 2664 μὴ.

134 2684 232 2726 141,
254 2683 323 2715 21.
345 2668 573 2723 δερήσεται]
599 2667 827 2722 δαρήσεται.

136 2742 234 2782 141,
257 2739 326 2772 22.
348 2730 483 2780 τοῦτο]
508 2726 664 2768 τούτου.

134 2799 232 2840 141,
254 2798 325 2842 30·
346 2785 565 2838 παρερρῦη]
589 2783 755 2837 παρρύη-

134 2856 212 2898 141
219 2874 234 2896 ,
253 2855 325 2899 31.
346 2843 388 2895 ὁ]
411 2856 494 2882 om.

134 2914 231 2955 142,
252 2914 295 2954 4.
316 2900 465 2951 αὐτοις]
489 2898 630 2940 αὐτῶν.

135 2971 232 3012 142,
256 2958 296 3000 8.
318 2957 435 3008 αὐτα]
459 2974 514 3009 μη
534 2955 805 3010 συμφέροντα.

1540 200 1627 244 595

915 325 1012 365 142,
1040 325 1105 367 17.
1131 314 1260 369 ἡμῶν]
1282 328 1366 356 om.

915 372 1315 428 142,17.γινῶσκῃ]
1340 387 1518 425 καταγιν.

917 439 1011 483 143,
1032 440 1074 483 3.
1096 429 1238 501 ἁλοὺς]
1261 429 1423 472 ἃλλοὺς.

916 497 1013 541 143,
1033 498 1074 536 4.
1096 485 1215 542 πρὸς]
1237 485 1336 539 πρὸς
1355 486 1439 528 τὸν.

916 554 1013 597 143,
1035 543 1077 584 6.
1105 543 1326 593 δανείζεται
1354 547 1437 587 τοῖς
1457 543 1625 595 δυναμέ-

970 598 1074 656 νοις]
1109 601 1314 654 χαρίζεται
1352 601 1426 653 τὴν
1460 601 1627 653 δυναμέ-

969 674 1057 709 νην.

917 725 1012 769 143,
1040 727 1106 767 14.
1130 715 1257 771 Θεοῦ]
1281 719 1392 758 Θεοῦ
1414 716 1472 767 δὴ.

915 784 1014 828 143,
1034 785 1098 827 15.
1120 773 1208 828 τῆς]
1232 788 1315 814 om.

915 842 1011 885 143,
1035 843 1101 873 20.
1122 842 1189 871 21.
1211 831 1625 886 Σχόλιον.-πλανῶ·

967 889 1109 943 μενον]
1135 903 1217 929 om.

914 956 1011 997 144,
1028 955 1066 1000 7.
1088 945 1520 1001 ἑαυτὸν,-πράττων,]
1541 961 1625 987 om.

915 1014 1011 1055 144,
1040 1015 1107 1057 17.
1152 1002 1394 1060 θαυμάζητε]
1437 1003 1628 1056 θαυμάζε-

966 1077 1043 1102 ται.

914 1129 1011 1171 144,
1035 1128 1102 1173 27.
1125 1119 1300 1172 ἀναιρῶν
1320 1122 1399 1159 τῶν
1419 1119 1622 1174 πονηρῶν]

967 1180 1047 1217 τῶν
1067 1180 1251 1230 πονηρῶν
1272 1177 1458 1229 ἀναιρῶν.

914 1245 1012 1286 144,
1035 1246 1105 1289 29.
1129 1235 1278 1289 ἐλθὼν]
1306 1234 1438 1275 ἐλθὼν
1457 1235 1494 1276 ὁ.

914 1302 1010 1347 145,
1031 1304 1072 1347 5.
1106 1291 1434 1346 εἰδωλολατρίας]
1467 1293 1626 1333 εἰδωλο-

968 1349 1170 1402 λατρείας.

915 1418 1009 1460 147,
1041 1420 1081 1462 3.
1120 1404 1403 1461 ἐκτρέπεσθαι]
1440 1405 1624 1459 ἐκτρέπε-

970 1468 1066 1506 σθαι
1096 1465 1187 1507 τοὺς
1215 1464 1434 1517 αἱρετικοὺς
1464 1464 1528 1505 καὶ
1558 1480 1624 1505 το-

968 1527 1118 1564 σοῦτον
1137 1522 1279 1565 αὐτοὺς
1300 1521 1573 1575 ἐκτρέπεσθαι.

914 1589 1012 1634 147,
1035 1593 1101 1621 21.
1123 1580 1164 1634 ᾶ]
1190 1580 1338 1632 πρώτῃ.

916 1647 1011 1690 147,
1034 1650 1103 1690 24.
1125 1636 1287 1692 ταυτὸν]
1314 1635 1344 1677 τ’
1363 1636 1497 1678 αὐτὸν.

916 1707 1009 1748 147,
1034 1707 1102 1747 24.
1145 1692 1334 1750 ἐντολὰς]
1374 1695 1542 1736 ἑντολός
1581 1693 1626 1734 τὸ

967 1756 1102 1806 τηρεῖν
1118 1752 1251 1800 αὐτὰς,
1270 1751 1357 1793 ἐπεὶ
1373 1753 1451 1805 γὰρ
1465 1767 1626 1805 πρακτι-

969 1810 1034 1851 καὶ
1055 1811 1096 1851 αἱ
1116 1809 1254 1863 ἀρέται
1275 1811 1316 1851 αἱ
1344 1811 1443 1850 κατὰ
1462 1811 1534 1852 τὰς
1564 1810 1627 1850 ἐν-

969 1868 1103 1910 τολᾶς.

916 1923 1013 1977 148,
1034 1925 1077 1964 6.
1098 1922 1180 1979 ὅτι]
1202 1925 1255 1964 οἱ.

914 1981 1011 2033 148,
1030 1981 1093 2022 18.
1116 1981 1310 2035 Σευήρου]
1334 1980 1510 2034 Σευήρου
1530 1979 1624 2022 Ἀν-

965 2039 1151 2092 τιοχείας.

913 2153 1007 2205 148,
1033 2164 1102 2194 20.
1133 2150 1339 2206 ποιοῦσιν]
1365 2155 1551 2193 ποιοῦσιν
1573 2152 1626 2195 ὡς

967 2226 1239 2251 κοινωνουσιν.

913 2280 1009 2322 149,
1024 2279 1067 2322 5.
1090 2265 1338 2322 δεξιοῦσθαι]
1360 2264 1611 2317 λεξιοῧσθαι.

912 2338 1007 2380 149,
1031 2338 1072 2378 9.
1095 2322 1219 2379 εἶναι]
1243 2338 1328 2365 om.

913 2395 1009 2438 149,
1031 2394 1101 2435 24.
1122 2380 1290 2436 πιστήν]
1311 2382 1459 2423 πίστιν.

911 2453 1010 2494 149,
1034 2451 1101 2491 24.
1122 2440 1183 2494 δὲ]
1208 2440 1253 2479 δὲ
1273 2439 1351 2480 καὶ.

912 2510 1011 2552 149,
1034 2506 1102 2552 25.
1123 2495 1187 2551 β’]
1210 2497 1388 2549 δεύτερα.

912 2567 1100 2610 15011.
1133 2553 1363 2608 Παιδεύων]
1403 2555 1488 2593 Τοΰ
1518 2556 1623 2606 Χρυ-

966 2611 1182 2663 σοστόμου.
1214 2610 1440 2652 Παιδεύων.

912 2678 1115 2766 150‚hlfi.
1105 2681 1278 2723 .-—151,
1315 2681 1354 2722 9.
1407 2675 1623 2724 transpon.

912 2741 1009 2839 155>c
1029 2740 1110 2838 302.
1125 2783 1206 2839 καὶ]
1232 2797 1316 2824 om.

911 2850 1069 2897 1514.
1090 2840 1157 2895 τῇ]
1181 2842 1261 2892 τῆς.

910 2908 1008 2954 151,
1027 2911 1070 2953 5.
1103 2897 1183 2939 Καὶ
1203 2896 1357 2950 ἑτέρως.
1399 2895 1514 2939 Ε’πεὶ
1535 2896 1618 2951 καὶ]

961 2969 1044 2996 om.

1005 3025 1132 3066 4⁶2
