1826 3236
535 200 692 241 CAT.
720 200 791 242 IN
826 197 1023 242 CATH.
1046 197 1250 242 EPIST.

139 323 209 366 ιο,
229 324 296 368 13.
318 311 377 369 αἲ]
403 311 446 355 ἃ.

141 383 211 427 19,
232 371 284 412 18
306 369 367 427 δὲ]
388 372 433 412 δὲ
455 372 519 413 καὶ
537 371 710 427 μεγάλα.

139 440 208 484 19,
231 441 300 485 23.
325 428 441 486 Εἶτα]
465 429 572 471 εἶπα.
778 440 782 445 ’

133 497 208 537 20,
227 499 265 529 1.
285 486 350 543 τὸ]
371 488 439 543 τῷ.

137 556 209 595 20,
235 555 302 600 17.
337 548 407 598 τῆς
441 546 634 599 γλώσσης
673 546 855 598 φύλαττε

192 602 268 655 τὴν
308 603 459 659 κόρην]
505 605 576 655 τῆς
616 604 731 657 κόρης
781 604 857 656 φύ-

191 665 330 703 λασσε
350 661 422 714 τὴν
442 665 655 716 γλῶσσαν.

137 729 207 769 20,
231 731 301 761 22.
324 719 491 775 ἔπεσον]
514 719 679 761 ἔπεσαν.

137 787 208 827 20,
226 789 295 830 24.
316 776 402 833 ἀπ’]
425 777 502 820 ἐπ’.

136 844 208 885 20,
224 847 294 891 25.
327 835 477 891 αὖτῆς,]
509 834 640 887 αὐτῆς,
667 835 743 889 οὐχ
774 835 855 876 εἵλ-

194 910 292 935 κυσε
312 893 384 935 τὸν
402 894 523 948 ζυγὸν
543 893 675 945 αὐτῆς.

134 962 207 1001 21,
228 964 272 1007 3.
293 951 523 1007 ἑλίττεται]
544 952 808 993 ἀνελίττεται.

135 1019 207 1058 21,
227 1019 271 1065 5.
293 1008 510 1065 κάνταῦθα]
533 1009 749 1051 κᾶνταῦθα.

136 1076 208 1118 21,
231 1079 301 1123 23.
324 1066 498 1123 κοσμεῖ,]
520 1068 664 1124 κοσμῇ.

136 1134 210 1176 21,
236 1135 304 1180 27.
354 1125 589 1182 Βασιλείου]
635 1127 853 1168 Βασιλείου

194 1183 239 1225 ἐκ
258 1185 330 1224 τοῦ
345 1185 479 1238 ῥητοῦ.

137 1251 187 1284 21
194 1271 209 1292 ,
232 1253 302 1298 29.
321 1241 496 1297 παῦσον]
516 1241 563 1283 τὸ
582 1245 754 1285 παῦσον.

138 1308 207 1350 21,
227 1311 300 1355 32.
323 1299 480 1356 δίκαις,]
502 1299 708 1344 αδικαΐαις.

138 1367 208 1408 21,
229 1370 301 1414 33.
320 1357 515 1414 γλώττης]
536 1359 742 1412 γλώσσης.

138 1424 208 1466 22,
224 1429 270 1468 4.
292 1415 384 1472 σου]
405 1433 481 1458 σου
501 1419 586 1458 τοῦ.

138 1484 209 1524 22,
224 1487 267 1526 4.
288 1473 352 1530 τὸ]
373 1489 457 1516 om.

138 1541 211 1582 22,
232 1545 296 1574 10.
318 1531 553 1589 μεταφέρει]
573 1532 790 1588 μεταφέρε.

136 1599 211 1642 22,
227 1601 295 1631 20.
316 1589 412 1646 γάρ]
433 1592 512 1645 γὰρ
532 1590 667 1645 φύσις.

138 1657 207 1699 22,
226 1660 294 1691 20.
316 1648 451 1704 φησι,]
471 1663 557 1690 om.

137 1715 210 1756 22,
226 1715 294 1762 25.
316 1705 557 1762 δαμάσαιεν]
579 1707 852 1761 δαμασει(εν).

120 1773 209 1814 .22,
227 1777 299 1819 25.
321 1764 488 1820 τούτων]
508 1768 638 1807 τοῦτο.

139 1831 210 1872 22,
234 1833 301 1874 27.
323 1823 544 1875 ἀνθρώπων
563 1821 756 1877 δαμάσαι]
789 1825 857 1863 δα-

195 1877 324 1931 μάσαι
344 1880 579 1933 ἀνθρώπων.

139 1948 213 1988 22,
232 1947 301 1989 29.
322 1936 527 1992 ὰδελφοὶ,]
549 1936 715 1991 ἀδελφέ.

138 2005 210 2045 22,
230 2006 302 2050 33.
324 1993 550 2050 γενέσθαι]
571 1996 769 2048 γίνεσθαι.

140 2063 212 2108 23,
233 2065 299 2094 10.
321 2052 436 2108 ὅταν]
456 2051 512 2093 ὅτ’
534 2052 597 2094 ἄν.

141 2122 212 2166 232
227 2121 298 2152 21·
320 2109 415 2165 γὰρ]
434 2112 512 2163 γὰρ
534 2111 608 2152 καὶ·

142 2180 213 2224 23,
229 2179 298 2224 23.
321 2167 439 2223 ἔχει’]
462 2168 615 2221 ἔχουσι.

142 2238 280 2326 243430
305 2225 633 2325 α,τᾶξὶ--διδάσκοή
665 2225 854 2267 τὸν-δι-

281 2301 303 2324 κ
360 2300 422 2325 ον.

142 2353 211 2394 24,
223 2354 266 2394 4.
286 2340 440 2396 λόγων]
460 2340 609 2395 λέγων.

143 2411 214 2452 24,
240 2413 255 2441 ι
269 2412 305 2440 1.
342 2398 487 2455 σοφία]
521 2399 611 2453 περὶ
647 2398 757 2442 θείας
783 2414 855 2438 σο-

199 2458 307 2511 φίας.

142 2527 214 2568 24,
241 2528 308 2568 14.
341 2513 676 2570 Ἐκκαθαίρομεν]
715 2513 858 2556 Ἑκκα-

200 2572 400 2627 θάρωμεν.

144 2643 215 2684 24,
240 2640 307 2686 25.
338 2630 438 2684 πρὸς
467 2628 740 2684 Κολοσσαεῖς]
774 2631 855 2670 Κο-

200 2687 432 2730 λοσσαέων.

145 2757 216 2801 25,
242 2759 285 2799 4.
326 2746 397 2787 οὐκ
444 2743 497 2786 ἂν
533 2742 858 2799 ὑποπλάττοντα]

202 2804 255 2847 ὣς
270 2801 346 2858 κᾷν
364 2807 708 2845 υποπλαττωνται.

145 2871 217 2933 25,
258 2861 296 2903 8.
358 2859 592 2916 Διονυσίου]
643 2860 861 2902 Διονυσίου

202 2917 524 2972 ’.Αλεξανδρείας

149 2989 174 3020 2
175 2986 217 3031 5
241 2988 307 3019 12.
326 2974 533 3031 Τοιοῦτος]
554 2974 730 3029 Σευήρου
750 2992 861 3030 αρχι-

1561 200 1650 240 585

980 315 1201 357 ἐπισκόπου
1247 316 1488 370 ἆντιοχείας.
1545 316 1635 355 Τοι-

974 389 1099 417 ουτος.

917 440 987 484 25,
1005 443 1070 473 12.
1096 430 1176 486 καὶ]
1198 446 1282 472 om.

917 498 986 542 25,
1009 499 1077 542 17.
1098 487 1139 544 ἢ]
1162 489 1241 530 καὶ.

917 558 986 600 25,
1009 558 1076 599 27.
1107 546 1432 602 παραδοθείσης,]
1462 550 1633 600 παραδυ-

974 604 1112 656 θείσης
1133 603 1339 655 αἰτήσεως.

918 673 989 716 25,
1010 662 1077 703 28.
1101 661 1209 718 οὐδὲ]
1231 660 1324 703 οὐδ’.

918 731 988 774 25,
1010 733 1082 776 31.
1107 719 1195 775 τὴν]
1216 735 1299 761 om.

917 777 987 829 26,
1023 791 1065 831 4.
1109 778 1389 834 προείληφεν]
1442 778 1630 831 παρείλῆ·

972 841 1064 889 φεν.

918 894 986 943 26,
1010 895 1049 936 6.
1072 893 1149 949 ὅτι]
1172 893 1232 935 ὅτι
1252 894 1312 935 οὗ.

916 952 986 1002 26,
1004 963 1045 1007 7.
1065 950 1112 994 δι’
1136 950 1268 1008 αὐτά]
1290 966 1374 992 om.

916 1011 985 1060 26,
1006 1011 1072 1051 16.
1092 1008 1361 1065 Ὠριγένους.]
1377 1009 1492 1050 mo.
1520 1007 1631 1061 ’9512-

971 1067 1128 1122 γένους.

915 1127 983 1177 26,
1007 1138 1072 1180 17.
1094 1125 1182 1181 τὸν]
1204 1139 1286 1167 om.

916 1185 986 1236 26,
1008 1197 1073 1239 19.
1096 1182 1345 1238 Παροιμίαι]
1368 1186 1610 1236 Παροιμιῶν.

917 1242 986 1292 26,
1008 1255 1078 1298 32.
1113 1240 1396 1297 συμπάθειαν]
1427 1241 1526 1293 πρὸς
1556 1239 1630 1280 πά-

973 1304 1101 1342 θειαν.

918 1359 989 1409 26,
1010 1371 1082 1414 32.
1102 1356 1266 1413 πίπτον]
1287 1357 1456 1398 πίπτων.

917 1426 985 1471 27,
1008 1430 1049 1472 3.
1070 1415 1242 1471 Ἰησοῦς]
1263 1415 1420 1466 Ἰησοῦς
1440 1415 1474 1455 ὁ.

917 1485 987 1529 27,
1008 1489 1046 1531 9.
1068 1473 1221 1529 μελῶν]
1242 1476 1377 1526 μελῶν
1397 1475 1534 1514 ταῦτα.

916 1544 986 1585 27,
1006 1545 1071 1574 12.
1093 1531 1189 1588 ὅσα]
1210 1532 1290 1573 ὅσα
1310 1533 1403 1584 γὰρ.

917 1600 987 1644 27,
1011 1603 1078 1634 22.
1101 1588 1216 1645 ὅταν]
1238 1588 1360 1630 στ’ἄν.

917 1659 985 1701 27,
1003 1662 1072 1701 24.
1095 1647 1276 1702 ὀλίγους]
1301 1647 1463 1700 ὀλίγως.

917 1717 988 1761 27,
1012 1708 1079 1748 26.
1102 1703 1330 1760 ἐκλεκτέον]
1352 1702 1533 1770 λεκτεον.

917 1774 988 1818 27,
1006 1778 1074 1821 29.
1097 1763 1169 1819 εἰς]
1193 1765 1250 1807 εἷς
1268 1762 1354 1814 τὴν.

917 1832 989 1876 27,
1008 1836 1080 1878 34.
1102 1820 1261 1876 θλίψει]
1283 1821 1433 1871 θλίβει.

918 1879 989 1930 28,
1010 1880 1052 1921 8.
1075 1877 1236 1933 ἆθηθες]
1245 1879 1419 1948 Αἄληθες

916 1937 986 1987 28,
1007 1951 1047 1993 9.
1078 1936 1176 1992 πῶς]
1207 1939 1290 1979 πῶς
1320 1935 1470 1986 ἄληθες
1489 1934 1536 1974 οὐ
1554 1934 1626 1984 μό-

973 2011 1046 2036 νον
1103 1993 1150 2035 τὸ
1207 1993 1297 2034 οἴδα
1344 1994 1632 2033 ταπεινοῦσθαι

974 2053 1085 2093 ἄλλα
1100 2052 1165 2092 καὶ
1188 2051 1459 2103 περισσεύειν,
1475 2048 1539 2090 καὶ
1554 2048 1629 2089 πά-

972 2114 1041 2151 λιν
1070 2112 1153 2152 πῶς
1182 2109 1330 2160 ἀληθὲς
1359 2107 1407 2148 οὗ
1432 2107 1559 2159 μόνον
1585 2106 1630 2146 τὸ

972 2169 1114 2219 πεινῆν
1144 2166 1265 2208 αὐτὸν
1296 2166 1406 2206 ἀλλὰ
1435 2163 1501 2206 καὶ
1534 2181 1629 2218 χορ-

972 2224 1161 2275 τάζεσθαι
1181 2224 1246 2265 καὶ
1264 2222 1389 2264 πάλιν
1409 2226 1504 2266 πῶς.

918 2282 989 2333 28,
1010 2296 1076 2324 10.
1097 2281 1167 2338 τῷ]
1188 2282 1243 2338 τῷ
1263 2282 1320 2322 δε.

918 2340 990 2391 28,
1009 2352 1075 2395 17.
1094 2324 1328 2394 ὖπωπιάζει]
1347 2336 1568 2386 ὑποπιάζει.

919 2399 990 2449 28,
1008 2408 1074 2452 27.
1095 2397 1137 2453 ἡ]
1156 2411 1240 2439 om.

920 2457 991 2507 28,
1010 2469 1081 2513 34.
1039 2454 1226 2511 4,.ἐπὶ]’
1206 2454 1299 2496 απὸ.

919 2527 990 2569 29,
1013 2526 1052 2568 7.
1071 2511 1249 2567 ἐγένετό]
1271 2510 1489 2566 ἔγγίνεταί.

919 2584 991 2627 29,
1019 2570 1074 2613 ad
1109 2585 1216 2612 vers.
1248 2583 1293 2625 5.
1326 2571 1548 2622 παροιμιῶν
1577 2568 1631 2623 τῷ

975 2646 1053 2683 γαρ
1099 2628 1279 2683 διαβόλῳ
1317 2628 1514 2678 πολεμεῖι
1548 2627 1631 2666 ἐπι-

975 2689 1096 2729 ποθεῖ
1108 2686 1152 2727 τὸ
1168 2688 1339 2737 Πνεῦμα
1354 2683 1399 2725 τὸ
1411 2682 1530 2738 ἅγιον
1547 2681 1629 2723 vid.

920 2757 1391 2858 29Ρ185ομἒταξυλογία]
1410 2802 1629 2852 μεταξαλο-

922 2860 1086 2973 29γί2ιέ.
1106 2915 1264 2972 φησὶν,]
1285 2914 1452 2969 φησὶν“
1431 2918 1538 2969 ημῖν.

923 2989 994 3032 29,
1011 2976 1079 3019 26.
1100 2973 1216 3030 πρὸς]
1234 2973 1333 3028 πρὸς
1351 2972 1436 3016 τὸν

1088 3047 1165 3086 41·-
