1806 3172
490 356 1238 470 *MONITUM

155 703 543 782 CATENAM
581 734 634 781 in
669 734 919 796 Epistolas
955 735 1231 784 Catholicas
1265 753 1326 784 ex
1360 739 1527 786 eodem
1557 739 1650 786 Co·-

151 821 257 869 dioe
280 821 390 870 MS.
409 838 507 884 quo
530 823 947 872 Commentarium
969 826 1021 872 in
1043 825 1174 873 Acta
1197 826 1282 874 SS.
1298 827 1648 889 Apostolorum

144 912 252 975 jam
270 914 542 976 vulgatum,
561 914 794 976 descripsi
811 930 825 971 ;
858 915 1079 962 adhibita
1096 922 1169 963 est
1187 916 1334 963 etiam
1354 933 1411 964 ea
1428 918 1648 965 lectionis

151 1001 362 1048 varietas
397 1018 545 1064 quam
581 1003 700 1050 Cod.
739 1004 885 1051 Coisl.
927 1005 1100 1053 XXV.
1137 1007 1260 1053 mihi
1303 1009 1647 1069 suppeditavit.

152 1089 228 1137 De
262 1090 341 1138 his
374 1107 486 1138 vero
517 1091 669 1139 Codd.
696 1094 801 1155 jam
839 1094 958 1141 satis
990 1095 1174 1143 dictum
1211 1097 1324 1143 fuit.
1398 1098 1453 1144 In
1488 1097 1649 1159 Epist.

150 1179 185 1227 J
186 1181 267 1228 ud.
289 1181 439 1228 habui
463 1188 700 1242 praeterea
723 1182 948 1230 Codicem
977 1184 1119 1230 Bodl.
1141 1185 1427 1233 Rawlinson
1452 1186 1511 1234 G.
1534 1190 1647 1239 157.

150 1270 352 1316 membr.
394 1285 503 1318 saec.
540 1271 694 1318 XIII.
737 1273 820 1319 sed
862 1288 922 1318 ex
963 1274 1320 1336 antiquissime,
1360 1283 1418 1322 ut
1459 1277 1648 1338 opinor,

150 1359 433 1423 apographo
455 1360 767 1420 descriptum.
823 1360 973 1407 Plura
998 1369 1160 1408 autem
1186 1364 1246 1410 de
1270 1363 1648 1414 Commentariis

150 1448 203 1495 in
221 1449 569 1511 Apocalypsin,
589 1466 615 1496 e
632 1450 811 1511 quibus
835 1454 1044 1499 secunda
1067 1453 1216 1516 huJus
1231 1453 1511 1501 Voluminis
1534 1471 1648 1516 pars

150 1539 359 1586 conflata
376 1546 464 1595 est,
480 1539 684 1586 dicenda
701 1547 831 1587 sunt.
875 1541 949 1588 De
967 1541 1153 1590 Graecis
1169 1542 1647 1591 commentatoribus

149 1629 201 1676 in
237 1629 362 1676 hanc
385 1629 546 1675 Sacrae
571 1629 839 1691 Scripturae
864 1637 1050 1691 partem
1082 1631 1188 1679 haec
1220 1632 1367 1679 habet
1393 1633 1647 1681 Fabricius

151 1718 282 1765 Bibl.
303 1718 389 1766 Gr.
411 1726 446 1765 t.
466 1719 548 1765 vii.
574 1735 619 1779 p.
638 1722 752 1771 791.
777 1735 850 1780 pr.
878 1719 973 1766 Ed.
989 1745 1031 1763 =
1045 1727 1080 1766 t.
1101 1720 1200 1767 viii.
1225 1736 1272 1783 p.
1293 1719 1393 1774 696
1421 1722 1560 1769 Harl.

218 1814 248 1834 ‘⁶
265 1808 324 1855 In
348 1809 678 1870 Apocalypsin
703 1809 911 1870 denique
935 1825 1032 1856 non
1061 1810 1330 1857 omittenda
1351 1811 1567 1858 Andreae
1598 1819 1648 1858 et

150 1903 180 1924 “
198 1898 404 1946 Arethae
419 1898 795 1946 Commentaria.
844 1899 947 1945 Sub
960 1898 1176 1947 Andreae
1193 1899 1390 1960 quidem
1409 1899 1647 1947 Caesareae

151 1995 180 2015 ‘⁶
200 1988 520 2049 Cappadociae
557 1987 787 2049 Episcopi
826 1988 1021 2034 nomine
1058 1988 1450 2035 Commentarius
1487 1995 1646 2036 exstat

151 2084 180 2104 “
201 2077 418 2125 Macario
453 2078 660 2131 cuidam,
684 2092 829 2137 quem
862 2084 1048 2138 patrem
1074 2093 1216 2125 suum
1253 2094 1309 2125 ac
1335 2077 1647 2142 συλλειτουργόν

151 2174 180 2193 “
199 2173 354 2223 vocat,
386 2167 449 2213 ab
483 2172 679 2212 auctore
717 2166 994 2226 inscriptm,
1027 2167 1302 2228 librumque
1338 2168 1559 2216 dividens
1593 2169 1645 2215 in

152 2262 180 2282 “
199 2256 413 2314 κεφάλαια
437 2254 659 2301 LXXII.
734 2255 880 2300 Hunc
904 2254 1192 2302 Theodorus
1228 2255 1460 2304 Peltanus
1484 2258 1643 2312 vertit,

150 2351 179 2371 ‘⁶
197 2345 444 2406 ediditque
463 2344 639 2391 Latine
662 2343 948 2406 Ingolstadii
974 2343 1040 2390 A.
1064 2347 1209 2395 1574.
1230 2347 1275 2390 4.
1300 2346 1507 2392 relatum
1532 2346 1645 2392 inde

152 2442 180 2460 “
200 2435 251 2481 in
281 2433 608 2480 Bibliothecas
640 2432 857 2479 Patrum.
930 2432 1023 2478 Sed
1049 2432 1219 2480 Graece
1246 2449 1302 2480 ac
1327 2434 1503 2480 Latine
1534 2450 1643 2481 cum

152 2531 180 2550 ‘⁶
199 2525 415 2587 ejusdem
444 2523 634 2569 Peltani
655 2522 870 2568 versione
895 2522 1076 2585 legitur
1094 2524 1382 2585 subjunctus
1403 2523 1472 2569 Io.
1488 2523 1646 2585 Chry-

152 2619 180 2638 “
199 2612 397 2659 sostomi
435 2613 492 2656 ad
534 2611 728 2656 Novum
767 2610 1137 2657 Testamentum
1175 2611 1564 2666 Commentariis,
1593 2612 1645 2658 in

152 2709 181 2728 ‘⁶
201 2701 516 2748 Editionibus
541 2700 879 2747 Graecolatinis
905 2699 1207 2745 Commelina
1236 2698 1392 2744 Paris.
1417 2706 1464 2745 et
1491 2699 1645 2746 Fran-

152 2797 182 2815 “
201 2789 478 2836 cofurtensi.

862 2892 890 2921 a
916 2881 946 2921 2
