1826 3236
366 506 799 560 VARIETAS
847 503 1334 558 LECTIONIS

218 646 358 690 COD.
382 647 581 690 COISL.
604 646 762 688 XXV.
791 646 938 688 CAT.
961 645 1030 686 IN
1060 645 1259 686 CATH.
1281 645 1485 688 EPIST.

110 950 216 1007 Pag.
238 963 276 992 1.
298 949 373 992 lin.
394 964 438 1005 9.
459 951 543 1003 καὶ]
570 953 634 994 καὶ
654 953 727 993 ὅτι.

114 1020 153 1058 1,
174 1021 239 1063 15.
261 1009 326 1050 καὶ
346 1008 524 1065 διδάξας]
549 1009 609 1051 id.

110 1077 151 1114 2,
173 1075 239 1122 15.
254 1067 355 1122 Τοῦ]
375 1070 460 1108 Τοῦ
479 1068 597 1121 ἁγίου
614 1070 661 1109 ἰῶ
682 1070 763 1108 τοῦ.

107 1136 154 1179 3,
173 1135 219 1179 5.
239 1123 503 1198 εἶσενέγκεις]
527 1124 771 1180 εἰσενέγκης.

107 1194 236 1238 3,14.
257 1180 387 1238 ὅτι]”
362 1199 424 1224 οτι
443 1183 502 1224 τὸ.

107 1249 241 1295 3215·
261 1238 413 1297 ἥτε]η·

109 1310 151 1353 3,
175 1299 247 1339 28.
276 1296 501 1370 Κυρίλλου]
531 1298 735 1352 Κυρίλλου
758 1301 829 1340 τοῦ

167 1355 286 1409 ἁγίου
302 1354 625 1409 Ἀλεξανδρείας.

108 1425 151 1465 4,
167 1423 205 1468 7.
229 1414 375 1470 ἐντολῇ
396 1411 466 1470 θ’.]
490 1415 657 1466 ἐντολῆς
672 1413 827 1467 ἐνάτης.

108 1484 154 1523 4,
167 1472 207 1512 8.
228 1469 288 1527 τι]
308 1485 391 1512 om.

109 1541 154 1581 4,
178 1529 220 1570 8.
249 1529 398 1583 Κυρίου
432 1528 516 1586 καὶ]
552 1532 663 1572 Θεοῦ
693 1529 829 1584 λέγων

169 1587 216 1628 ἐν
248 1587 407 1643 σεαυτῷ
441 1587 504 1628 ὅτι
537 1591 620 1631 πῶς
659 1588 829 1640 δύναμαι

169 1643 419 1696 αἰτήσασθαί
434 1662 472 1686 τι
491 1647 600 1699 παρὰ
619 1649 691 1687 τοῦ
711 1649 807 1699 Κῦρ.

110 1714 155 1754 4,
174 1715 239 1754 14.
261 1701 488 1759 ἀλλήλους]
512 1702 720 1755 ἀλλήλοις.

110 1772 156 1812 4,
173 1771 243 1801 12.
263 1759 465 1817 ὑπομονὴ]
487 1760 543 1802 id.

111 1830 156 1869 4,
174 1829 244 1861 22.
266 1817 393 1874 ἄλλο]
416 1819 559 1860 ἄλλου.

111 1888 155 1927 4
175 1887 242 1927 24
264 1874 364 1931 γὰρ]
386 1877 465 1928 γὰρ
486 1877 522 1916 ὁ

111 1945 157 1985 4,
173 1945 244 1988 30.
266 1933 493 2004 στεφάνου]
517 1932 757 1986 στεφάνους.

112 2004 155 2043 4,
172 2003 244 2046 32.
264 1989 396 2043 ψιλὴν
417 1990 578 2045 νόησιν]
612 1993 719 2047 ψιλῇ
740 1990 831 2042 νοή-

172 2065 250 2090 σει.

113 2119 156 2161 5,
179 2107 220 2147 6.
240 2103 483 2161 Ἀμαρτίαν]
504 2119 587 2146 0111.

114 2177 159 2219 5,
180 2175 220 2218 7.
234 2161 352 2219 Ὅτι]
373 2161 622 2216 Ὠριγένους.
666 2161 777 2204 Ὅτι.

114 2235 160 2277 5,
182 2234 222 2274 7.
246 2219 465 2277 πειράζων]
486 2220 676 2273 πειράζει.

115 2293 159 2334 5,
178 2279 218 2320 8.
251 2277 417 2334 κακῶν]
468 2282 609 2319 κακῶν.
650 2277 833 2319 τουτέστι

175 2339 240 2378 διὰ
258 2338 374 2377 τοῦτο
389 2335 577 2389 πειράζει,
594 2336 662 2377 ἵνα
681 2336 833 2389 τύχωσι

175 2398 256 2436 τῶν
282 2395 445 2448 ἀγαθῶν
470 2394 537 2435 καὶ
563 2394 834 2446 ἆπαλλαγῶσι

175 2455 318 2494 κακῶν.

117 2524 162 2565 5,
183 2523 248 2562 14.
284 2510 357 2552 Εἷς
385 2508 567 2561 βλάβην·
601 2507 661 2549 ἐπ’
696 2508 834 2561 ἀγαθῶ

176 2585 254 2620 γαρ
295 2568 485 2620 ἐπείρασε
516 2565 590 2607 τὸν
621 2550 830 2622 Ἀβραάμ]

176 2640 260 2666 0111.

118 2693 248 2738 5,17.
289 2680 486 2738 Σευήρου]
527 2680 703 2733 Σευήρου
742 2681 832 2734 ἆρχ.

179 2757 361 2782 επισκοπ.
382 2739 562 2793 Ἀντιοχ.

119 2811 163 2853 5,
193 2810 256 2851 17.
277 2795 420 2853 ῥητὸν]
441 2796 564 2850 ῥητὸν
583 2797 718 2839 οὕτως.

121 2856 521 2911 5,17.εξηγεῖσθαι]
548 2853 835 2907 ἐξηγήσασθαι.

121 2927 166 2969 5,
191 2926 254 2968 19.
281 2909 653 2967 ουλλαμβανοΰσα]
683 2915 836 2953 συλλα-

179 2973 329 3023 βοῦσα.

883 963 926 1005 5,
951 963 1018 992 21.
1056 950 1316 1008 ἁμαρτωλὸν]
1363 950 1601 1004 ἁμαρτωλὸν

942 1007 1026 1049 τὸν.

882 1078 927 1119 5,
938 1078 1006 1108 22.
1013 1066 1598 1122 ἁμαρτάνοντος]ἁμαρτῶντος.

883 1134 928 1179 5,
951 1136 1021 1179 23.
1057 1124 1115 1167 εἶς
1146 1124 1219 1180 ὢν]
1261 1125 1317 1168 εἷς
1346 1128 1426 1166 τῶν
1458 1128 1602 1178 σοφῶν

944 1185 1136 1235 Χριστοῦ.

887 1240 929 1290 6,
956 1253 990 1280 Ι.
1012 1238 1146 1295 λάβῃ]
1167 1242 1308 1291 λάβοι.

887 1298 930 1349 6,
952 1298 1023 1338 26·
1061 1296 1257 1354 Σευῆρον]
1293 1296 1471 1351 Σευῆρον
1510 1298 1602 1352 ἆρχ

946 1356 1131 1396 επισκοπ.
1149 1356 1327 1409 ’.Αντιοχ

887 1413 927 1463 6,
953 1423 1019 1466 27.
1042 1413 1303 1470 ἆλλοίωμαι.]
1326 1413 1563 1465 ἠλλοίωμαι.

888 1472 931 1522 6,
953 1481 1022 1524 27.
1053 1469 1120 1527 τὸ]
1142 1470 1198 1511 id.

890 1539 932 1583 7,
953 1542 1020 1579 14.
1042 1527 1283 1585 σωτηρίαν]
1287 1529 1537 1582 ελευθερίαν.

890 1599 932 1640 7,
959 1600 1025 1638 14.
1059 1585 1144 1642 καὶ]
1166 1600 1251 1627 om.

890 1657 932 1698 7,
966 1645 1034 1686 16.
1074 1647 1143 1700 Τῷ
1176 1647 1244 1695 τῆς
1275 1645 1507 1698 ὁμολογίας,

946 1704 1015 1753 τῆς
1033 1701 1228 1758 πίστεως]
1250 1701 1293 1743 in
1314 1717 1447 1758 marg.

890 1770 929 1812 7,
959 1771 1026 1811 17.
1055 1760 1340 1812 Πρωτοτόκους
1361 1762 1406 1802 ἐν
1433 1764 1518 1803 τοῖς
1541 1760 1606 1801 οὗ·

945 1816 1105 1873 ρανοῖς]
1127 1817 1170 1857 in
1191 1831 1327 1874 marg.

889 1887 930 1926 7,
955 1875 1023 1916 26.
1045 1874 1137 1929 τὴν]
1161 1889 1244 1916 om.

892 1942 935 1985 7,
960 1943 1028 1984 27.
1057 1929 1172 1986 ἡμῖν]
1199 1933 1306 1984 ἡμῖν·
1339 1933 1386 1974 οὗ
1406 1934 1484 1986 γὰρ
1506 1934 1606 1973 κατὰ

948 1990 1076 2042 φύσιν
1094 1990 1200 2041 ἡμῖν.

893 2058 934 2100 7,
954 2059 1026 2101 30.
1048 2046 1166 2102 ἔχον]
1190 2047 1351 2101 ἔχοντα.

893 2104 933 2154 8,
958 2115 996 2158 7.
1031 2107 1387 2158 Καταφρονοῦντες
1415 2106 1483 2155 τῆς
1513 2105 1604 2146 ἑαυ-

949 2165 1029 2202 τῶν
1049 2162 1277 2216 σωτηρίας.]
1301 2176 1385 2202 om.

893 2218 935 2269 8,
957 2232 998 2274 9.
1018 2218 1265 2276 βεβαιώσει]
1286 2220 1514 2271 βεβαιώσῃ.

894 2276 936 2327 8,
960 2288 1029 2317 20.
1061 2276 1243 2334 γέγονε]
1281 2276 1441 2330 γέγονε.
1485 2294 1605 2319 κατα-

949 2338 1196 2387 φρονοῦντες
1214 2337 1285 2386 τῆς
1309 2336 1462 2376 ἑαυτῶν
1481 2351 1607 2387 σωτη-

947 2393 1046 2444 ρίας.

893 2449 935 2498 8,
959 2461 1026 2490 21.
1048 2449 1174 2504 οἵους]
1198 2451 1296 2493 οἵας.

894 2507 936 2558 8,
959 2519 1027 2549 21.
1060 2508 1082 2547 ὁ
1114 2506 1258 2564 Θεὸς,]
1292 2509 1315 2548 ὁ
1345 2506 1609 2559 πνευματικὸς

951 2581 1085 2616 νομος.

894 2623 936 2672 8,
959 2634 1026 2677 23.
1048 2623 1365 2679 λανθανόμεθα.]
1393 2623 1576 2665 ἐπιλανθ.

895 2682 935 2728 8,
956 2693 1028 2735 31.
1049 2678 1288 2735 ὀλοθρευτῇ]
1311 2681 1581 2733 ὀλοθρεύοντι.

896 2751 939 2792 9,
959 2750 1004 2792 3.
1039 2738 1063 2788 ἡ
1094 2738 1318 2792 θρησκεία]
1351 2738 1377 2789 ἡ
1406 2738 1538 2781 πίστις
1562 2738 1607 2779 in

954 2809 1088 2850 marg.

897 2865 940 2906 9,
959 2865 1002 2904 4.
1022 2852 1068 2909 ἦ]
1091 2862 1181 2894 erat
1201 2853 1248 2894 εἰ.

896 2924 936 2966 9,
963 2923 1029 2952 10.
1052 2910 1245 2966 Χριστῷ]
1264 2913 1439 2966 Χριστῷ,
1467 2912 1610 2955 πιστὸς

953 2966 978 3019 ἢ
1000 2969 1239 3021 ἑτερόδοξος.

1550 1645 1605 1700 ⁷43
