1826 3236
661 186 1060 236 AUCTORES

785 305 933 330 CITATI

288 385 353 423 IN
383 385 697 425 COMMENT.
731 387 797 426 IN
827 388 869 427 S.
893 388 974 427 JO.
1005 389 1430 431 APOCALYPSIN.

713 492 1013 513 *-

85 574 285 615 Annum
309 575 325 611 5
348 575 408 619 τῆς
428 576 635 623 Καισαρείας
653 576 711 620 τῆς
731 580 829 612 Κατ-

139 628 298 671 «naula,
315 629 466 679 ἐφορείαν
482 628 598 676 λαχὼν
617 641 712 677 302,
733 642 766 666 1.

85 682 249 734 Antipas
274 685 291 719 5
314 685 444 731 μάρτυς
467 685 500 719 ἐν
526 686 697 732 Περγάμῳ
726 687 832 734 ἐμαρ-

139 740 279 788 τύρησεν
300 737 391 780 208,
410 749 473 774 10.

85 790 279 830 Antonius
312 791 472 830 eremita
504 793 520 828 ὅ
557 793 638 835 θεῖος
666 795 831 836 Ἀντώνιος

142 847 238 896 361,
254 857 319 885 12.
349 844 443 895 368,
461 857 527 896 29.

83 900 316 953 Apollonius
333 902 350 937 ὅ
367 901 487 950 ermis-‚15
506 899 600 949 382,
618 912 680 950 27.

85 955 238 1007 Aquila,
258 953 340 1004 ejus
360 954 481 992 versio
498 966 594 1005 397,
609 967 646 1004 3.

85 1009 220 1048 Ariani
236 1010 274 1047 τὸ
294 1011 639 1060 θεομάχονἈρειανῢν
658 1011 829 1060 ἐργαστή-

141 1080 205 1114 ριον
226 1075 318 1113 231,
334 1064 374 1102 6.

87 1117 316 1158 Aristoteles
350 1121 366 1155 5
402 1120 618 1168 Στωγειρίτης
651 1119 745 1167 486,
772 1131 833 1169 13.

143 1185 239 1236 494,
256 1173 293 1211 6.

87 1228 202 1266 Anus
221 1239 244 1277 3
250 1238 272 1278 5
279 1239 318 1277 5,
337 1239 403 1277 32.

85 1282 321 1321 Athanasius
344 1286 379 1319 ἐν
400 1286 443 1332 τῇ
469 1284 598 1320 ἐκθέσει
618 1287 684 1319 τῶν
706 1300 831 1320 κανονι-

140 1338 279 1386 ζομένων
314 1338 373 1382 τῆς
406 1342 561 1381 παλαιᾶς
597 1354 636 1375 τε
668 1339 727 1375 καὶ
760 1338 835 1380 νέας

143 1390 284 1439 βιβλίων
310 1402 398 1440 173,
418 1403 477 1429 11.

87 1443 255 1484 Basilius
290 1449 326 1484 ἐν
357 1452 404 1496 τῇ·
438 1447 508 1496 περὶ
540 1449 617 1483 'mov
654 1447 835 1494 συζητῆσει

143 1503 295 1549 συντόμῳ
317 1510 408 1550 173,
426 1512 489 1550 13.
526 1500 615 1549 176,
634 1502 694 1539 16.

89 1554 343 1607 Bithynarum
359 1568 482 1593 rerum
495 1554 700 1606 scriptores
712 1558 759 1593 τὰ
768 1558 835 1594 πά-

143 1625 222 1660 τρια
238 1611 378 1647 Βιθυνῢν
392 1607 641 1658 ἀναταξάμενοι
659 1611 755 1660 486,
770 1622 834 1659 32.

87 1663 297 1702 cerinthus
328 1668 357 1701 οἱ
383 1666 454 1715 περὶ
483 1665 631 1714 Κήρινθον
661 1668 835 1716 συγχρονί·

144 1734 268 1763 σαντες
284 1723 334 1766 τᾷ
350 1719 545 1766 Ἀτοστόλῳ
566 1731 658 1763 201,
679 1731 742 1770 25.

89 1771 275 1811 Clemens
294 1772 575 1811 Alexandrinus
589 1776 604 1811 ὅ
619 1777 838 1824 Στρωματεὺς

149 1839 170 1865 2
282 1855 293 1864 0

90 1836 315 1933 Cyrfflz’sse‘n
341 1885 410 1924 τοῖς
436 1882 507 1931 περὶ
531 1883 589 1926 τῆς
613 1885 647 1919 ἐν
669 1885 836 1930 πνεύματι

144 1935 387 1986 προσκυνήσεως
403 1936 462 1972 καὶ
481 1938 639 1985 λατρείας
656 1940 757 1974 aava&
774 1936 835 1974 15-

144 2006 207 2034 νοις
230 2000 318 2039 173,
337 1989 400 2027 16.
438 1993 472 2027 ἐν
496 1990 542 2038 ιγ’
559 1994 624 2027 τῶν
642 1992 738 2027 κατὰ
754 1994 836 2027 Ἰου-

145 2049 259 2082 λιανοῦ
286 2045 417 2094 ἐλέγχῳ
449 2043 541 2093 287,
558 2044 751 2094 9.-176,
773 2057 835 2094 17.

150 2099 242 2149 276,
263 2110 326 2137 22.
359 2099 452 2147 278,
470 2111 484 2136 1
499 2111 530 2136 1.

90 2153 301 2205 Dionysius
324 2156 340 2191 ὅ
365 2155 447 2196 θεῖος
468 2151 566 2203 (scil.
588 2152 833 2205 Areopagita)

150 2208 243 2257 246,
259 2220 327 2257 30.
358 2219 408 2257 33
421 2220 452 2253 1,
472 2219 533 2256 14.
567 2211 582 2245 5
601 2210 837 2258 Ἀρεοπαγίτης

149 2273 242 2313 277,
259 2275 296 2312 3·
337 2263 483 2312 ὅμένας
500 2274 594 2312 491,
611 2274 678 2312 30·

91 2317 306 2369 Dionysius
314 2317 435 2355 Poeta
445 2321 479 2355 ἐν
484 2319 642 2361 λιθιακοῖς
650 2327 672 2367 5
685 2329 698 2354 1
705 2330 744 2362 0,
754 2324 835 2355 not.

92 2371 333 2424 Epiphanius
366 2375 400 2408 ἐν
432 2376 480 2419 τῷ
511 2371 599 2420 λόγῳ
635 2378 684 2420 τῷ
718 2375 762 2415 εἷς
798 2372 836 2409 τὸ

147 2430 290 2474 Πνεῦμα
312 2426 351 2463 τὸ
369 2425 494 2475 Ἀγιον.
529 2429 563 2463 ἐν
581 2430 645 2463 *ezr
664 2427 837 2475 Παναρίων

146 2481 272 2528 βίβλῳ.
294 2492 460 2529 203,13.
493 2492 659 2530 209‚10.
691 2492 782 2524 210,
799 2492 835 2517 2.

151 2546 243 2584 213
261 2545 299 2583 7·

92 2588 277 2640 Evagrius
297 2600 390 2638 330
405 2600 472 2638 30

92 2642 280 2682 Eusebius
307 2647 341 2680 ἐν
365 2648 415 2691 τῷ
435 2648 527 2693 Χρονι
529 2649 576 2690 x&
593 2647 694 2680 αὐτοῦ
711 2644 835 2690 βιβλίῳ

152 2709 244 2748 192,
266 2710 305 2747 9.
349 2709 441 2766 227,
463 2709 527 2746 30.
584 2701 619 2735 ἐν
636 2706 702 2763 ..⁷⁹3
737 2697 836 2746 ὀγδόῳ

146 2753 324 2803 κεφαλαίῳ
352 2757 410 2789 τοῦ
438 2749 587 2800 θ’λογου
614 2754 672 2797 τῆς
688 2756 834 2798 Ἐκ-κλη

149 2809 356 2852 σιαστικῆςι
346 2810 402 2843 ίστ
405 2807 491 2855 ορίας
512 2817 603 2855 271,
622 2817 687 2845 21.

95 2860 291 2913 Eutyches
319 2870 407 2910 175,
427 2860 463 2898 8.
496 2872 586 2908 224,
609 2860 668 2898 18.
701 2861 740 2898 τὸ
762 2861 837 2898 ἀνό-

151 2932 221 2953 σιον
247 2918 412 2963 Εὖτυχοῦς
443 2914 554 2964 δόγμα
580 2916 651 2965 περὶ
683 2917 742 2960 ἰ’-’ἧς
768 2917 839 2952 θεο-

152 2970 247 3007 τίκου
288 2971 348 3007 καὶ
389 2971 448 3016 τῆς
492 2970 603 3020 Κυρίου
645 2972 840 3021 σαρκώσεως

154 3032 249 3074 351,
267 3035 332 3074 27.

889 575 1188 627 Eutychianistae
1212 588 1303 625 224,
1321 589 1384 615 21.

889 629 1098 682 Gregorius
1126 630 1226 668 Naz-
1258 635 1291 668 ἐν
1324 638 1373 679 τῷ
1409 635 1634 682 συντακτηρίῳ

943 688 1044 722 αὐτοῦ
1082 684 1169 734 λόγῳ
1207 695 1298 734 173,
1332 698 1395 734 14.
1448 686 1537 737 196,
1566 699 1633 736 33.

943 749 1038 788 457,
1059 750 1097 788 3.
1139 744 1174 777 ἐν
1198 744 1246 788 τῷ
1270 741 1339 789 περὶ
1364 745 1421 778 τοῦ
1446 745 1522 778 Tio?
1547 741 1635 790 λόγῳ

947 805 1040 842 231,
1072 793 1134 831 18.
1211 794 1301 842 176,
1335 795 1396 832 16.
1449 794 1539 840 181,
1570 806 1632 844 13.

947 848 1036 897 187,
1052 858 1087 897 7.
1125 858 1212 898 195,
1231 860 1293 899 29.
1331 848 1423 899 289,
1442 850 1502 887 16.
1539 859 1632 900 297,

947 914 983 940 2.
1014 914 1109 951 322,
1129 903 1191 940 26.
1222 914 1315 952 330,
1335 914 1399 954 25.
1428 904 1523 954 498,
1541 915 1604 954 25.

888 956 1096 1008 Gregorius
1122 957 1321 1009 Nyssenus
1350 962 1383 995 ἐν
1405 959 1493 1007 λόγῳ
1512 960 1558 1007 ιγ’
1576 961 1635 1004 τῆς

942 1015 986 1055 εἷς
1003 1014 1052 1048 τὰ
1072 1009 1223 1060 ᾄσματα
1241 1015 1411 1062 ἑρμηνείας
1430 1025 1451 1062 3
1458 1023 1522 1062 53,
1540 1025 1603 1050 20.

890 1064 1123 1117 Hippolytus
1155 1066 1262 1117 Papa
1289 1067 1424 1104 Romae
1452 1071 1486 1104 ἐν
1514 1072 1558 1118 τῇ
1590 1071 1636 1111 εἷς

944 1122 999 1158 τὸν
1018 1121 1147 1166 Δανιὴλ
1171 1122 1322 1171 ἑρμηνείᾳ
1342 1121 1439 1170 λόγου
1463 1131 1552 1171 173,
1571 1134 1632 1173 19.

950 1175 1039 1224 176,
1059 1175 1121 1212 18.
1151 1187 1245 1225 370,
1263 1174 1303 1213 6.
1334 1176 1428 1225 385,
1449 1188 1483 1213 1.

892 1229 1086 1267 Homerus
1110 1229 1242 1279 (Iliad.
1262 1235 1307 1268 Θ.
1332 1230 1442 1279 282.)
1465 1240 1560 1280 305,
1581 1243 1614 1268 1.

887 1284 1080 1336 Josephus
1103 1285 1195 1330 208,
1211 1285 1274 1322 28.
1308 1296 1399 1334 273,
1414 1285 1452 1322 6.
1485 1285 1577 1355 284,
1592 1298 1631 1336 9.

888 1338 1056 1376 Irenaeus
1080 1339 1247 1388 176,17.
1277 1341 1293 1376 5
1308 1339 1517 1388 onyBo'vov’
1500 1357 1552 1377 ετι
1546 1342 1633 1377 ὀσκο

942 1409 999 1436 τος
1028 1405 1116 1442 192,
1139 1404 1204 1442 27.
1249 1405 1341 1463 243,
1363 1403 1400 1443 5.
1447 1403 1540 1444 245,
1567 1406 1631 1432 11.

946 1451 980 1485 ἐν
1006 1449 1148 1496 πέμπτῳ
1172 1452 1229 1485 τοῦ
1257 1448 1396 1495 ἐλέγχου
1422 1450 1481 1494 τῆς
1507 1451 1634 1495 decuba-

946 1504 1043 1550 νόμου
1060 1505 1208 1551 γνῶσεως
1229 1512 1320 1553 279,
1335 1514 1401 1551 30.

889 1557 915 1594 J
918 1557 1068 1594 llstlnus
1086 1558 1101 1593 5
1120 1573 1213 1606 ωγως
1230 1560 1358 1607 μάρτυς
1376 1557 1471 1606 361,
1490 1557 1549 1595 16.

892 1610 1071 1662 Libycus,
1097 1613 1112 1648 5
1138 1612 1241 1657 Λίβυς
1265 1613 1323 1656 τῆς
1346 1612 1504 1658 ἀληθείας
1525 1612 1637 1663 ἐχθρὸς

950 1664 1156 1713 (Sabellius
1175 1664 1274 1713 scil.)
1299 1665 1391 1709 218,
1411 1678 1470 1704 10.

890 1718 1146 1758 Macedonius
1165 1730 1260 1770 355,
1274 1732 1342 1769 32.

891 1774 1102 1812 Manichaei
1124 1786 1217 1822 224,
1230 1787 1294 1812 21.

890 1828 1121 1866 Methodius
1138 1829 1330 1872 Ἐπίσκοπος
1349 1831 1518 1879 Πατάρων
1535 1833 1570 1866 ἐν
1587 1834 1636 1877 τῷ·

945 1883 1016 1932 περὶ
1041 1884 1263 1925 ἀναστάσεως
1292 1893 1382 1932 173,
1401 1892 1461 1932 15.
1500 1885 1515 1919 5
1543 1882 1636 1932 ἅγιος

945 1939 961 1973 ὁ
980 1938 1148 1986 Πατάρων
1171 1947 1266 1986 352,
1286 1949 1336 1974 20
1355 1945 1396 1975 et
1414 1949 1481 1986 31.
1543 1937 1633 1987 176,

951 1989 1013 2027 18.
1036 2001 1137 2050 ‘355,
1156 2001 1220 2040 25.
1251 2001 1347 2039 370,
1365 1991 1402 2028 6.

890 2044 1109 2082 Nestonani
1134 2056 1224 2093 224,
1243 2057 1305 2095 19.

890 2097 1095 2136 Nestorius
1110 2109 1249 2148 175,7.
1275 2111 1366 2148 224,
1382 2099 1441 2137 16.
1465 2099 1632 2150 236,30.

890 2152 1096 2191 Nicolaitae
1121 2165 1212 2196 202,
1234 2164 1296 2204 25.
1328 2165 1421 2203 203,
1444 2167 1506 2192 12.
1540 2167 1632 2206 209,

950 2219 1014 2255 24.
1048 2219 1220 2251 212,22.
1254 2220 1397 2258 213,4.

891 2261 1029 2313 Papias
1061 2264 1076 2299 5
1114 2264 1260 2311 διάδοχος
1291 2267 1348 2300 τοῦ
1381 2266 1634 2312 Εὖαγγελιστοῦ

944 2318 1091 2353 Ἰωάννου
1111 2316 1203 2365 360,
1220 2329 1273 2366 30
1292 2325 1331 2355 et
1351 2329 1418 2366 32.
1455 2317 1543 2366 176,
1561 2327 1621 2366 17.

892 2370 1049 2408 Patruln
1076 2370 1229 2409 traditio
1254 2372 1274 2417 ἡ
1292 2373 1439 2422 πατέρων
1455 2373 1636 2421 παράδοσις

947 2424 1041 2474 360,
1056 2437 1122 2474 30.
1152 2426 1238 2468 τινὲς
1255 2430 1319 2463 τῶν
1336 2426 1440 2475 ἁγίων
1458 2426 1552 2475 528,
1566 2438 1589 2475 3
1601 2438 1632 2463 1.

892 2479 1002 2517 Philo
1029 2480 1187 2517 Judaeus
1215 2484 1249 2517 ἐν
1277 2479 1365 2530 λόγῳ
1389 2484 1490 2517 αὐτοῦ
1517 2486 1567 2527 τῷ
1590 2483 1636 2523 είς

946 2535 1007 2580 τὴν
1025 2536 1120 2572 κατὰ
1139 2533 1290 2572 Μωῢσεά
1313 2537 1518 2585 φιλοσοφίαν
1543 2533 1632 2582 184,

951 2600 1015 2637 27.
1048 2601 1140 2637 241,
1159 2601 1174 2626 1
1188 2601 1221 2626 1.
1251 2593 1285 2626 ἐν
1299 2589 1387 2638 λόγῳ
1405 2587 1429 2636 ᾧ
1447 2589 1635 2638 ἐπέγραψεν

946 2643 1066 2692 Νόμων
1085 2647 1171 2693 ἱερῶν
1189 2645 1386 2693 ἀλληγορία.
1409 2653 1501 2693 252,
1517 2653 1582 2692 27.

892 2696 1027 2735 Simon
1054 2698 1197 2749 Magus
1228 2708 1321 2747 374,
1349 2708 1388 2748 5,
1445 2698 1539 2747 381,
1572 2709 1632 2747 15.

947 2752 1041 2800 382,
1064 2762 1113 2801 27
1130 2759 1170 2790 et
1188 2764 1251 2803 29.

892 2806 1111 2844 Thaddaeus
1130 2809 1145 2843 5
1163 2812 1211 2855 τῷ
1223 2808 1363 2856 Αὕγάρφ
1380 2807 1528 2852 βασιλεῖ
1539 2807 1632 2844 Ἐδέ-

949 2877 1009 2907 σης
1030 2861 1090 2906 τὴν
1109 2867 1167 2898 τοῦ
1190 2865 1335 2911 Χριστοῦ
1355 2864 1470 2899 πίστιν
1488 2865 1633 2910 εὐαγγε-

948 2917 1126 2964 λισάμενος
1144 2915 1238 2964 488,
1255 2915 1294 2953 6.
1322 2915 1417 2966 576,
1436 2928 1498 2954 12.

896 2969 1044 3008 Zelotae
1061 2974 1127 3007 τῢν
1141 2974 1301 3017 Ζηλωτόν
1318 2970 1497 3015 ὰειπλανές
1515 2975 1636 3022 στῖφος

949 3024 1044 3073 488,
1061 3036 1076 3062 1
1085 3035 1123 3074 3.
