1826 3236
237 206 324 250 592

238 336 262 376 9
272 335 287 362 1
298 352 309 371 ,
319 331 388 375 27.
403 320 525 374 ῥητὸν
538 321 814 374 προκείμενον,
827 319 956 376 ἔλεος]

292 381 414 433 ῥητοῦ
433 378 709 432 προκειμένου,
734 379 868 421 ἔλεον.

237 451 308 492 91,
331 437 399 479 28.
423 438 606 493 δύναται]
631 452 717 479 om.

237 505 362 551 92,5.
386 497 571 540 Φίλωνος
593 495 811 539 Γενέσεως.

237 565 308 607 92,
329 567 394 595 11.
416 554 529 610 πρὸς]
552 555 628 596 καὶ.

236 625 307 667 92,
324 625 395 667 30.
420 612 680 668 ἐπεμένοντο]
708 612 889 663 ἐπεμαίν.

236 684 307 727 93,
323 683 363 723 4.
388 670 580 727 Σευήρου]
610 669 785 724 Σευήρου
801 668 955 711 Ἀντιο-

325 746 421 772 ειας.

236 746 321 842 93),<
331 799 353 829 2
356 797 398 843 5.
423 786 647 843 Κυρίλλου]
671 802 752 829 om.

235 858 303 901 93,
326 846 394 886 28.
420 844 572 901 ὥσπερ]
597 846 733 899 ὥσπερ
755 862 878 888 τινας.

236 916 307 959 93,
332 916 404 959 30.
447 903 797 960 κατεφθαρμένον]
847 920 956 945 κατε-

294 961 520 1016 φθαμένον.

235 1022 392 1076 93,3’2.
416 1019 521 1076 θεῖα]
544 1034 627 1062 om.

235 1091 306 1133 94,
323 1091 363 1133 5.
387 1077 646 1134 γενομένους]
668 1077 916 1133 γινομένους.

235 1150 306 1193 94,
325 1138 363 1178 6.
388 1137 615 1192 ἄνθρωπος]
642 1138 663 1178 ὁ
686 1137 903 1191 ἄνθρωπος.

235 1208 307 1250 94,
327 1195 366 1238 8.
386 1193 590 1251 “Ηρώδην]
611 1194 786 1249 Ἱ-Ιρώὸη.

235 1266 307 1309 94,
330 1267 396 1295 11.
422 1255 474 1297 ὡς
496 1254 551 1310 αἱ]
575 1254 686 1296 ὡσεὶ.

235 1325 306 1367 94,
328 1324 394 1354 12.
419 1313 551 1368 ὄφεις]
578 1314 623 1364 τῇ
646 1312 769 1366 φύσει
793 1311 912 1364 κτήνη
932 1310 956 1364 ἢ

293 1371 503 1424 γενώμεθα
525 1372 652 1425 ὄφεις.

234 1442 306 1485 94,
343 1442 408 1482 14.
452 1428 728 1484 ἐκφεύγωμεν]
775 1429 956 1484 ε’κφυγω-

292 1504 380 1539 μεν.
886 1498 892 1506 ’

235 1558 306 1601 94,
326 1559 392 1601 19.
416 1547 642 1602 γενώμεθα]
669 1546 883 1600 γινώμεθα.

236 1616 307 1659 94,
329 1616 395 1647 20.
418 1605 533 1659 ἡμᾶς]
559 1619 641 1645 om.

235 1675 307 1716 94,
329 1662 395 1702 28.
418 1663 638 1718 γενόμεθα]
665 1663 873 1716 γινόμεθα.

236 1733 305 1774 94,
323 1732 394 1775 30.
416 1720 454 1775 ὁ]
476 1735 557 1761 om.

235 1787 305 1834 95,
331 1790 370 1819 2.
401 1778 724 1834 μεταδιώκωμεν]
767 1779 957 1831 μεταδίω-

296 1853 339 1877 κο
373 1853 430 1878 εν.

234 1903 306 1950 95,
327 1854 370 1949 3μ
403 1893 625 1952 δυνάμεθά]
659 1893 877 1947 δυνώμεθά.

236 1962 305 2008 95,
330 1953 369 1994 8.
403 1953 618 2009 ἀσελγεῖν]
645 1953 849 2007 ἀσελγεῖς.

236 2024 308 2066 95,
331 2025 371 2067 9.
422 2009 744 2068 παρασκευάσει]
827 2028 957 2066 παρα-

295 2068 492 2110 σκευάσαι
514 2069 668 2123 τρυφὴν
689 2070 892 2123 ἡγοῦνται.

234 2136 306 2183 95,
327 2141 367 2181 9.
400 2128 749 2186 ἀναπληροῦντας]
779 2129 959 2181 ἀναπλη-

293 2189 468 2239 ροῦντες.

238 2253 309 2299 95,
331 2257 401 2299 30.
438 2244 559 2286 αὐτοῦ
579 2243 667 2301 τῆς]
690 2259 772 2286 om.

237 2304 309 2356 96,
339 2312 381 2358 5.
431 2301 716 2358 ὑπεχώρησεν]
765 2304 958 2358 ὑπεχώρι-

298 2377 386 2402 σεν.

237 2418 305 2473 96,
323 2417 363 2461 6.
387 2416 536 2474 ἀρόσῃ]
570 2417 716 2471 ἀράσῃ.

237 2477 309 2530 96,
328 2492 367 2535 9.
390 2477 615 2531 Εὐσεβίου]
652 2477 891 2530 Εὗσεβείου.

238 2535 306 2590 96,
327 2549 367 2590 9.
390 2534 501 2590 Ε’ἷτε]
534 2533 650 2575 Εἶτα.

239 2594 310 2644 96,
328 2602 394 2649 15.
418 2592 518 2648 Τοῦ]
541 2595 625 2634 Τοῦ
646 2591 854 2647 ἁγίουἸω.
872 2598 956 2636 τοῦ.

238 2651 310 2704 96,
333 2662 396 2706 15.
419 2649 563 2706 μάτην]
594 2649 749 2703 μάντιν.

238 2709 312 2762 96,
334 2722 398 2762 17.
420 2708 496 2764 ὅτι]
529 2709 590 2750 ὅτι
611 2709 714 2750 οὐδὲ.

240 2766 311 2819 96,
332 2767 396 2808 18.
418 2766 532 2822 ἡμᾶς]
563 2768 676 2818 ὑμᾶς.

242 2824 309 2878 96,
324 2837 395 2880 32.
419 2824 683 2880 κολάζωνται]
712 2825 958 2875 κολάζονται.

242 2890 313 2935 97,
330 2894 374 2936 5.
398 2881 664 2939 προετάξατο]
688 2883 919 2937 προέτάξεν.

242 2948 315 2994 97,
338 2941 403 2981 16.
436 2940 618 2996 χείρονα]
659 2944 801 2995 χείραν
834 2943 962 2984 ἀπλα-

299 3013 388 3050 νην-

473 204 663 245 VARR.
689 204 922 246 LECTT.
951 203 1093 246 COD.
1120 204 1317 247 COISL.
1343 204 1500 246 XXV.

1019 320 1088 376 98,
1112 331 1151 375 5.
1189 319 1305 379 ‘'On]
1348 321 1524 375 Σευήρου
1559 321 1738 375 ἀρχιέπι-

1077 380 1230 421 σκόπου
1249 378 1515 435 Ἀντιοχείας.
1539 378 1648 421 ‘'Ort.

1019 437 1090 492 98,
1112 450 1176 478 10.
1200 437 1402 494 Εὐχιτῶν]
1430 438 1634 493 Εὖχητῶν.

1019 495 1091 551 98,
1106 509 1119 536 1
1130 497 1171 536 6.
1190 496 1462 552 ἀπωλοῦνται]
1477 497 1738 538 ἀπολοῦνται.

1019 567 1087 610 99,
1104 555 1143 596 6.
1163 553 1456 611 ἐθεμελίωσας]
1476 555 1736 606 θεμελιώσας.

1018 625 1090 667 99,
1112 626 1129 653 1
1143 625 1176 654 Ι.
1199 612 1341 668 μένον]
1366 614 1455 665 μὲν.

1018 683 1088 725 99,
1110 682 1176 726 23.
1199 671 1244 712 τὸ
1289 672 1360 727 τῷ.

1018 742 1088 783 99,
1110 742 1176 784 23.
1199 670 1266 786 πι]
1287 728 1368 771 πθ’.

1018 800 1089 843 99,
1109 801 1175 840 24.
1201 789 1270 844 ὡς]
1297 789 1349 832 ὡς
1369 789 1405 841 ἡ.

1018 859 1088 902 99,
1107 856 1175 901 27.
1198 847 1403 899 Εὐσεβίου
1423 844 1735 900 Πρεσβυτέρου]

1077 905 1281 957 Εὐσεβίος
1303 905 1560 959 Καὶσαρείας.

1018 975 1090 1018 99,
1111 963 1179 1007 28.
1205 963 1272 1019 σὺ]
1300 964 1379 1005 σοί.

1018 1033 1174 1078 99,30.
1197 1027 1294 1075 φυλ.
1318 1021 1377 1078 δὲ]
1401 1026 1500 1076 φυλ.
1522 1022 1613 1075 γὰρ.

1022 1091 1115 1131 100,
1130 1090 1174 1135 5.
1195 1079 1281 1136 Τὰ]
1298 1078 1451 1122 Ἂλλω.
1469 1081 1548 1122 Τὰ.

1021 1149 1118 1190 100,
1137 1138 1177 1180 6.
1199 1139 1313 1192 χθὲς]
1341 1139 1473 1193 ἐχθὲς.

1020 1208 1117 1247 100,
1134 1210 1173 1250 7.
1190 1195 1457 1254 Ἀθανασίου]
1480 1194 1738 1239 Ἀθανάσιος.

1021 1266 1116 1307 100,
1135 1267 1175 1311 9.
1200 1250 1460 1311 Σολομῶνος]
1486 1257 1694 1306 Σολομῶν.

1022 1325 1119 1364 100,
1140 1323 1207 1369 17.
1229 1314 1350 1369 οὕτω]
1376 1314 1511 1358 οὕτως.

1021 1383 1119 1423 100,
1141 1383 1208 1428 29.
1231 1370 1615 1428 ἀνακαινωθήσεται]
1639 1371 1737 1412 ἀνα-

1077 1429 1390 1483 καινισθήσεται.

1023 1500 1119 1540 100,
1136 1502 1208 1544 31.
1231 1489 1342 1546 Οὐχ]
1371 1487 1521 1531 Ἄλλω.
1554 1487 1657 1542 Οὐχ.

1022 1559 1120 1598 101,
1142 1548 1208 1588 16.
1231 1545 1430 1603 Σευήρου]
1454 1545 1630 1599 Σευήρου
1647 1545 1737 1600 ἆρχ.

1078 1606 1140 1646 ἐπ.
1163 1604 1343 1660 Ἀντιοχ.

1022 1675 1120 1713 101,
1141 1676 1209 1707 20.
1243 1662 1334 1719 νῦν]
1358 1677 1441 1705 om.

1022 1732 1121 1770 101,
1148 1734 1215 1765 21.
1248 1722 1527 1777 ἀλλοῶσεσιν]
1566 1719 1738 1762 ἀλλοιώ-

1076 1796 1210 1822 σεσιν.

1022 1850 1121 1889 101,
1139 1850 1210 1894 30.
1235 1838 1314 1880 Καὶ
1333 1836 1416 1891 μετ’
1440 1837 1581 1893 ὀλίγα]
1604 1851 1687 1878 om.

1023 1908 1118 1944 101,
1137 1909 1208 1952 31.
1237 1895 1497 1952 πράττοντος]
1526 1893 1740 1950 ταράττον-

1076 1971 1154 1998 τος.

1022 2025 1118 2063 101,
1138 2024 1210 2068 32.
1235 2012 1590 2068 μεταβάλλοντος]
1621 2028 1741 2065 μετα-

1074 2072 1294 2123 βαλόντος.

1022 2141 1120 2179 102,
1137 2142 1179 2183 4.
1214 2129 1450 2186 καραδοκία]
1486 2129 1739 2182 ἀποκαραδο-

1079 2188 1155 2229 κία.

1022 2258 1120 2296 102,
1142 2258 1210 2288 10.
1232 2244 1490 2304 συστενάζει]
1514 2243 1706 2294 στενάζει.

1025 2315 1121 2354 102,
1140 2315 1204 2360 15.
1227 2304 1386 2362 πᾶσαν]
1409 2307 1535 2346 πᾶσα.

1026 2375 1122 2415 102,
1140 2374 1209 2413 27.
1231 2361 1354 2419 οὕτω]
1378 2363 1512 2407 οὕτως.

1023 2433 1121 2473 102,
1141 2422 1209 2463 28.
1230 2424 1369 2463 πᾶσαν
1391 2420 1539 2478 κτίσιν]
1562 2423 1700 2462 πᾶσιν.
1762 2462 1774 2471 ,

1023 2492 1121 2530 102,
1138 2491 1211 2535 33.
1231 2479 1299 2521 Ὀὔ
1319 2479 1420 2534 τοῖς]
1445 2479 1601 2523 Αὖτοῖς.

1024 2549 1102 2594 103
1110 2568 1123 2589 ,
1144 2551 1183 2578 1.
1204 2536 1455 2593 λαμβάνειν]
1479 2535 1710 2590 λαμβάνην.

1024 2608 1121 2651 103,
1160 2609 1175 2636 1
1190 2609 1225 2637 1.
1290 2596 1494 2649 Κυρίλλου
1546 2595 1741 2648 Ἀλεξαν-

1079 2654 1231 2710 δρείας]
1274 2656 1359 2695 Τοῦ
1389 2656 1506 2708 ἁγίου
1537 2655 1742 2708 Κυρίλλου

1081 2713 1213 2754 ἐπισκ.
1231 2709 1558 2766 Ἀλεξανδρείας.

1027 2782 1123 2827 103,
1146 2783 1211 2824 14.
1231 2769 1370 2825 λαλεῖ]
1390 2770 1519 2825 λέγει.

1026 2840 1124 2883 103,
1143 2841 1211 2880 14.
1233 2827 1277 2883 ὁ]
1300 2842 1385 2870 om.

1027 2897 1125 2942 103,
1146 2898 1212 2928 22.
1236 2886 1477 2941 Κυρίλλου.]
1501 2887 1586 2928 Τοῦ
1607 2886 1741 2928 αὐτοῦ.

1028 2956 1133 3043 103,έ
1146 2955 1214 2999 25.
1241 2942 1493 2999 ἐρχομένων]
1519 2943 1743 2999 πρὸσέρχο-

1081 3020 1111 3054 μ
1136 3019 1227 3044 νων.
