1826 3236
223 215 312 256 584

224 342 268 384 9,
296 341 359 384 15.
385 327 491 384 Τοῦ]
513 331 598 370 Τοῦ
618 329 734 382 ἁγίου
755 333 800 369 ἴω
821 331 905 370 τοῦ.

224 400 266 442 9,
291 387 356 428 16.
379 387 456 443 τῷ]
477 386 522 428 τὸ
546 402 597 428 ex
619 396 793 428 correct.

222 457 262 498 9,
286 444 351 485 18.
373 447 482 498 παρὰ
526 445 630 498 περὶ.

222 515 264 557 9,
287 515 352 558 19.
372 504 482 555 ὑμῶν
524 503 646 555 ἡμῶν.

222 574 263 615 9,
284 572 351 615 29.
375 561 568 618 αὐχίζεις]
588 561 752 615 σχίζεις.

226 631 293 667 10,
318 619 357 659 8.
398 617 504 675 Τοῦ]
542 622 626 660 Τοῦ
665 619 784 660 αὐτοῦ
825 620 941 673 ἁγίου

278 675 469 719 Ἰωάννου
490 680 560 718 τοῦ
579 680 708 729 Χρυσ.

225 746 290 785 10,
309 747 350 789 9.
372 734 513 791 αὐτὸν]
538 736 708 776 ἐκεῖνον.

223 805 291 843 10,
313 806 380 834 11.
419 793 685 850 ἐπαισχύνῃς]
722 793 940 847 ἐπαισχυν-

278 853 363 906 θῇς.

221 920 290 958 10,
318 918 382 963 17.
410 912 493 950 Τοῦ
521 908 674 963 αὐτοῦ]
708 912 792 950 Τοῦ
823 909 939 962 ἁγίου

274 965 465 1008 Ἰωάννου
523 970 594 1008 τοῦ
644 967 938 1020 Χρυσοστόμου

275 1026 396 1078 ῥητοῦ
411 1024 675 1078 προκειμένου
693 1026 807 1077 ὑμεῖς
819 1025 939 1066 ἀδελ-

276 1083 349 1136 φοὶ
374 1082 428 1135 μὴ
460 1082 705 1135 ἐκκακήσητε
732 1083 778 1124 τὸ
811 1083 939 1124 καλὸν

275 1157 494 1185 ποιουντες.

224 1210 290 1249 10,
313 1198 380 1240 18.
404 1199 552 1255 δίδους]
579 1201 705 1243 δίδως.

224 1269 289 1307 10,
306 1270 376 1300 21.
398 1257 575 1314 πολλῆς]
598 1260 755 1310 πολλῆς
774 1260 855 1310 τῆς.

220 1327 288 1366 10,
306 1326 373 1367 24.
397 1316 467 1371 τῷ]
494 1315 551 1356 τὸ.

220 1385 287 1423 10,
312 1373 382 1417 28.
409 1374 696 1429 ἐλεησόμενος]
719 1375 936 1426 ε’λεηθησό-

271 1448 403 1483 μενος.

219 1500 287 1541 10,
307 1502 378 1544 31.
401 1491 631 1546 παροξύνει]
657 1490 891 1543 παρωξύνει.

218 1560 237 1588 1
251 1560 288 1597 1,
310 1548 349 1588 6.
373 1548 698 1603 Χρυσοστόμου.]
725 1548 857 1590 αὐτοῦ.

218 1618 236 1645 1
251 1617 289 1656 1,
312 1618 351 1659 9.
375 1606 612 1663 στερηθεὶς]
639 1607 871 1660 γυμνωθεὶς.

218 1675 235 1702 1
249 1676 265 1703 Ι
273 1693 288 1714 ,
316 1676 332 1703 1
345 1676 380 1703 Ι.
401 1664 722 1719 Ἀπολιναρίου.]
747 1678 828 1704 om.

218 1734 285 1768 11,
313 1721 380 1762 18.
405 1719 591 1777 “Ωσπερ]
628 1720 929 1775 Ἀπολιναρίου.

265 1776 444 1832 εΙ.Ω,σπερ.

218 1850 287 1887 ΙΙ,
310 1850 377 1891 19.
400 1837 493 1892 σου]
519 1854 597 1879 σοι.

218 1909 287 1945 11,
307 1906 375 1937 22.
397 1895 559 1952 αὐτούς]
583 1896 733 1940 αὐτοῖς.

216 1967 235 1994 1
250 1967 284 2003 1,
305 1965 371 1994 22.
413 1954 555 2008 οὕτως]
595 1955 711 1998 οὗτος
750 1968 803 1995 ex
837 1968 930 1995 cor-

271 2021 370 2052 rect.

215 2083 282 2119 11,
303 2071 372 2111 26.
394 2068 483 2126 Τῷ]
506 2069 579 2112 Τὸ.

215 2141 232 2168 1
246 2142 282 2178 1,
298 2128 366 2169 28.
390 2128 467 2184 ὅτι]
492 2128 553 2169 ὅτι
573 2128 629 2169 δὲ.

214 2199 230 2227 1
243 2199 283 2236 2,
300 2199 342 2241 3.
367 2185 530 2242 Κύριος]
555 2186 698 2238 Κύριος
717 2187 807 2239 γὰρ.

214 2257 280 2293 12,
305 2257 367 2298 19.
391 2244 514 2302 ἄγον]
537 2245 661 2298 ἄγων.

213 2315 280 2352 12,
299 2314 368 2344 20.
389 2301 598 2357 ἠφάνισε.]
624 2300 839 2355 ἠφάνισεν.

213 2372 280 2410 12,
300 2372 366 2411 24.
391 2359 510 2415 εἶπε]
537 2360 662 2402 εἶπεν.

212 2431 280 2466 12,
302 2429 372 2473 25.
396 2418 464 2474 τῷ]
491 2418 551 2460 τὸ.

213 2490 280 2527 12,
301 2487 369 2529 27.
391 2476 456 2531 τὸ]
482 2479 548 2533 τῷ.

212 2547 229 2575 1
241 2548 278 2584 2,
293 2546 364 2589 31.
386 2537 439 2590 τῷ
460 2532 746 2590 λαμπροτέρῳ]
765 2532 810 2574 τὸ
826 2538 927 2585 λαμ-

265 2593 474 2645 πρότερον.

211 2662 279 2705 13,
306 2663 400 2706 1-9.
436 2653 521 2691 Τοῦ
560 2649 926 2702 Χρυσοστόμου.-

265 2707 479 2759 ποιήσαντι
515 2706 669 2763 ἔλεος]
701 2705 757 2748 ‘H
789 2709 927 2761 γὰρ-

266 2765 485 2819 ἆλγήσητε.

211 2835 279 2878 13,
300 2836 342 2876 9.
367 2822 515 2880 ἔλεος]
540 2823 671 2864 ἔλεον.

212 2894 279 2935 13,
307 2893 370 2921 11.
408 2881 721 2935 ἐξολισθαίνειν]
760 2878 920 2932 ἐξολισ-

267 2937 417 2979 θάνειν.

210 3009 279 3051 13,
303 2996 367 3037 16.
391 2996 511 3050 ἐστὶ,]
537 2996 661 3038 ἐστὶν.

461 213 652 256 VARR.
676 213 913 256 LECTT.
937 214 1075 256 COD.
1105 214 1304 258 COISL.
1327 214 1482 258 XXV.

1006 341 1074 384 13,
1100 342 1166 384 19.
1189 330 1335 387 αὐτῶν]
1365 330 1500 382 αὐτὴν.

1006 399 1074 442 13,
1098 400 1166 429 21.
1188 388 1489 446 ἡμαρτηκότων]
1512 388 1721 443 ἡμαρτικό·

1059 461 1151 486 των.

1005 514 1070 558 13,
1089 513 1156 557 25.
1178 504 1429 559 Βασίλισσα]
1450 504 1720 556 βασίλεισσα.

1005 573 1073 616 13,
1089 573 1156 616 25.
1179 562 1339 616 ὁμοίως]
1368 562 1539 614 ὁμοίους.

1006 631 1072 674 13,
1093 620 1162 661 28.
1188 620 1289 674 ἐκεῖ]
1316 621 1402 661 ἐκεῖ
1419 619 1532 673 φησὶ.

1006 690 1072 732 13,
1094 690 1163 733 30.
1206 676 1424 731 περιστερά
1469 693 1527 721 τις
1565 677 1713 732 χρυσῆ]

1059 737 1277 788 περιστερὰ
1296 734 1442 789 χρυσῆ.

1005 805 1071 848 13,
1092 806 1162 848 31.
1186 792 1324 850 οὐδὲν]
1348 793 1465 835 οὐδὲν
1485 795 1569 834 τοῦ.

1004 864 1071 902 14,
1093 863 1135 906 3.
1159 851 1414 906 κρινώμεθα,]
1441 851 1668 904 κρινόμεθα.

1003 921 1068 960 14,
1089 921 1159 961 24.
1181 907 1346 965 ῥήματι]
1368 908 1532 963 ῥήμασι.

1002 980 1071 1020 14,
1096 979 1165 1022 29.
1185 967 1332 1023 μόνον]
1355 968 1478 1023 μόνῳ.

1004 1034 1070 1080 15,
1094 1025 1135 1066 8.
1159 1026 1242 1079 σοι]
1270 1042 1358 1067 σου.

1004 1093 1070 1138 15,
1096 1094 1163 1137 27.
1211 1083 1285 1135 τὴν
1326 1084 1574 1127 κατάπαυσιν
1620 1085 1720 1126 ἐκεί-

1057 1141 1166 1196 νην·]
1209 1142 1368 1193 ε’κείυην
1407 1143 1480 1196 τὴν
1520 1141 1720 1185 κατάπαυ-

1058 1216 1140 1240 σιν.

999 1268 1067 1312 15,
1090 1270 1160 1313 33.
1195 1256 1609 1314 καταξιωσηθόμεθα,]
1651 1275 1718 1301 κα-

1054 1317 1396 1368 ταξιωθησόμεθα.

999 1374 1068 1423 16,
1089 1386 1132 1428 3.
1160 1373 1434 1431 προσεοικὸς,]
1456 1375 1716 1428 προσεοικὼς.

999 1433 1067 1482 16,
1087 1433 1125 1472 6.
1149 1432 1319 1487 ἀγαθῆς]
1345 1433 1515 1485 ἀληθῶς.

999 1489 1067 1538 16,
1096 1503 1161 1531 11.
1189 1492 1438 1547 χαρακτῆρα]
1482 1492 1715 1545 χαρακτῆρα

1053 1549 1129 1589 διὰ.

1000 1606 1064 1655 16,
1078 1618 1150 1660 32.
1162 1607 1462 1663 βαπτίσματος]
1483 1608 1715 1659 βαπτίσμα-

1052 1680 1119 1706 τος
1171 1664 1236 1705 καὶ
1284 1666 1352 1715 τῆς
1399 1666 1502 1717 μετὰ
1545 1663 1591 1706 τὸ
1636 1663 1696 1717 βά

1051 1737 1218 1773 πτισμα.

998 1789 1067 1831 17,
1095 1791 1159 1820 10.
1204 1780 1425 1836 Κυρίλλου]
1471 1782 1557 1822 Τοῦ
1595 1781 1712 1835 ἁγίου

1054 1837 1278 1890 Κυρίλλου.-

998 1905 1065 1948 17,
1102 1908 1166 1936 11.
1216 1895 1469 1954 δικαιῶσθαι]
1513 1899 1712 1939 δεδικαιῶ-

1050 1955 1158 1994 σθαι.

996 2019 1062 2064 17,
1090 2022 1155 2062 17.
1177 2009 1252 2067 τῷ]
1275 2026 1359 2053 om.

995 2080 1063 2122 17,
1100 2081 1167 2112 21.
1219 2070 1446 2125 Πνεύματι]
1503 2070 1711 2123 Πνεύματι

1048 2131 1202 2169 λαλῶν.

995 2194 1062 2239 17,
1088 2188 1154 2227 26.
1199 2186 1423 2240 Κυρίλλου]
1467 2188 1552 2227 Τοῦ
1593 2187 1709 2240 ἁγίου

1050 2244 1252 2296 Κυρίλλου
1285 2244 1601 2298 ἀρχιεπισκόπου
1634 2243 1707 2287 ’A-

1046 2304 1317 2353 λεξανδρειας.

993 2369 1040 2412 17
1047 2390 1060 2409 ,
1084 2370 1153 2412 27.
1177 2359 1340 2415 νόμους]
1367 2361 1516 2412 νόμοις.

990 2428 1057 2470 17,
1078 2418 1146 2460 28.
1168 2417 1256 2474 τῆς]
1280 2435 1342 2470 τη.

990 2485 1054 2528 17,
1080 2487 1149 2530 29.
1173 2475 1347 2531 ἀγάπης]
1373 2474 1548 2528 ἀγάπην.

991 2533 1058 2583 18,
1082 2546 1118 2573 1.
1143 2533 1419 2588 δικαιοσύνην]
1445 2533 1662 2575 δικαίωσιν.

991 2590 1058 2639 18,
1084 2601 1124 2645 7.
1143 2592 1327 2647 πορνείᾳ]
1352 2591 1537 2647 πορνείῳ.

990 2648 1057 2698 18,
1081 2663 1123 2703 9.
1145 2648 1353 2706 ἆκάνθοις]
1378 2648 1582 2693 ἀκάνθαις.
1644 2699 1648 2703 ὁ

990 2707 1055 2755 18,
1081 2718 1150 2749 22.
1170 2707 1287 2763 ὄντα]
1312 2709 1412 2749 ὄντα
1432 2706 1631 2749 διδάσκων
1652 2707 1704 2751 ὥς

1045 2781 1155 2806 οντα.

994 2823 1057 2873 18,
1075 2835 1143 2873 24.
1164 2823 1321 2878 πίστιν]
1346 2823 1483 2864 πίστιν
1503 2823 1661 2875 ταύτην.

992 2882 1055 2930 18,
1081 2892 1148 2935 29.
1182 2880 1379 2939 Σευήρου]
1406 2880 1582 2935 Σευήρου
1609 2879 1702 2922 ’Av-

1040 2939 1231 2993 τιοχείας.

987 3009 1054 3051 19,
1077 3009 1117 3052 9.
1140 2996 1367 3054 εὐηγορεῖν]
1392 2996 1588 3052 εὐηγορεῖ.
