1800 3172
700 177 1060 221 MONITUM.
1597 188 1626 218 v

135 309 311 370 Operis
344 296 449 371 jam
485 307 705 371 vulgavit
740 308 813 355 cl.
844 307 1177 354 Montfaucon.
1217 305 1269 352 in
1311 305 1441 353 Bibl.
1481 305 1629 353 Coisl.

134 399 314 457 9277.
333 396 417 442 sed
436 401 631 442 exstant
649 395 795 442 etiam
821 395 873 442 in
892 394 1010 442 Cod.
1029 393 1326 441 Barocciano
1345 397 1393 440 3.
1411 394 1497 454 qui
1521 409 1627 440 con-

135 485 260 532 tinet
276 485 405 532 Acta
425 485 510 531 SS.
527 484 894 545 Apostolorum,
915 483 1098 544 Epistt.
1119 483 1311 530 Cathol.
1330 489 1380 529 et
1404 483 1453 529 S.
1475 482 1633 538 Pauli,

135 581 184 622 et
201 555 550 637 Apocalypsin,
570 590 679 621 curn
705 573 925 621 Scholiis.
977 573 1100 620 Haec
1124 571 1318 619 Scholia
1338 571 1634 619 Barocciana

137 665 189 711 in
226 663 559 727 Apocalypsin
601 663 846 710 uberrima
887 668 1002 709 sunt
1043 668 1090 708 et
1133 661 1211 707 sui
1250 660 1442 724 generis
1463 677 1477 717 ;
1521 677 1634 708 nam

137 753 345 801 conflata
375 761 505 809 sunt,
530 760 587 800 ut
611 754 819 808 videtur,
843 768 903 799 ex
927 751 1158 805 Andreae,
1182 750 1388 798 Arethae
1418 757 1467 797 et
1490 752 1637 798 (Ecu-

138 842 286 890 menii
310 842 700 896 Commentariis,
726 848 774 888 et
798 842 917 888 adeo
941 846 1174 901 superant
1198 839 1462 887 Editorum
1487 840 1638 886 libro-

137 947 249 979 rum
272 931 458 992 copiam
483 931 536 978 in
559 931 619 978 iis
644 947 755 993 quae
780 932 840 978 ad
865 929 1104 977 Aretham
1130 936 1364 991 spectant,
1389 936 1446 976 ut
1471 929 1637 976 Codex

140 1019 321 1079 <nescio
344 1017 505 1082 quisb)
531 1036 557 1066 e
587 1035 686 1080 quo
721 1020 879 1080 prima
914 1019 1084 1066 Editio
1118 1019 1339 1066 derivata
1373 1019 1486 1074 fuit,
1511 1018 1634 1064 mihi

139 1109 302 1170 potius
340 1108 604 1169 Epitomen
644 1124 791 1169 quam
835 1109 1080 1171 integrum
1123 1124 1244 1170 opus
1285 1115 1638 1170 repraesentare

195 1268 217 1298 b
237 1268 413 1322 Catalogi
428 1268 532 1307 Bibl.
548 1269 644 1321 Reg.
661 1269 778 1307 Paris.
795 1278 928 1307 auctor
947 1278 1079 1308 censet
1094 1269 1278 1308 Codicem
1295 1271 1366 1308 Gr.
1380 1268 1445 1322 qui
1466 1270 1640 1322 signatur

141 1336 287 1374 Numo.
311 1347 403 1386 219.
424 1335 591 1373 eundem
617 1347 700 1373 esse
726 1347 770 1372 ac
798 1334 905 1372 illum
931 1348 952 1372 e
975 1348 1052 1386 quo
1077 1334 1212 1373 Editio
1236 1333 1468 1373 Veronensis
1490 1334 1641 1386 vulgata

141 1409 225 1445 est;
256 1400 325 1439 sed
344 1399 382 1438 id
405 1413 485 1438 non
506 1412 634 1438 verum
656 1412 751 1444 esse,
772 1400 865 1437 satis
885 1400 1026 1451 opinor
1045 1399 1240 1439 constabit
1257 1414 1279 1438 e
1302 1399 1513 1452 specimine
1533 1399 1641 1437 istius

142 1465 296 1505 Codicis
314 1479 402 1504 cum
423 1465 498 1504 Ed.
520 1464 639 1503 Paris.
669 1464 783 1514 1631.
805 1465 871 1503 fol.
894 1466 1038 1510 conati,
1059 1466 1162 1517 quod
1185 1466 1245 1504 hic
1265 1465 1545 1518 subjungimus.

265 1570 360 1609 Cod.
383 1570 481 1622 Reg.
502 1581 594 1619 219.
616 1568 702 1606 coll.
724 1582 811 1607 cum
833 1569 894 1607 ed.
918 1569 1037 1609 Paris.
1063 1570 1178 1620 163¹.
1201 1579 1296 1610 tom.
1318 1570 1356 1609 ii.
1378 1584 1414 1623 p.
1432 1571 1525 1621 645.

144 1688 239 1737 645,
256 1688 304 1725 B.
321 1687 361 1725 6.
383 1686 575 1736 Ἀρχόμενος
592 1688 746 1735 γράφειν.
824 1673 833 1677 ι
921 1686 1014 1735 647,
1035 1686 1085 1724 D.
1100 1699 1138 1737 9.
1158 1686 1251 1733 ἥτουν
1270 1690 1299 1726 ὃ.

144 1753 239 1802 646,
257 1753 302 1791 A.
319 1764 360 1800 4.
379 1753 446 1801 γὰρ
465 1764 543 1789 om.
918 1752 1012 1800 648,
1034 1753 1079 1790 A.
1104 1765 1136 1789 1.
1156 1752 1228 1789 ὅλον
1246 1754 1509 1804 ’γέγονε-ταρὰ
1530 1759 1588 1801 τῷ.

324 1829 362 1868 5.
384 1817 515 1868 προέβη·
531 1820 569 1859 ὥς
583 1818 649 1865 ’γὰρ
669 1817 706 1853 τὸ
724 1818 862 1866 Χριστὸς
1104 1830 1141 1866 4.
1163 1823 1258 1855 τοῦτο
1278 1831 1356 1856 om.

410 1880 511 1929 ὄνομα
536 1881 601 1918 ἀπὸ
626 1885 691 1917 τῶν
710 1897 863 1918 ramuo-
1105 1893 1141 1930 7.
1162 1886 1216 1919 οὐκ
1235 1887 1292 1926 εἷς.

410 1948 508 1996 τὲρων
525 1948 583 1991 τῆς
602 1947 787 1994 οἷκονομίας·
814 1946 861 1984 εἴ·
1035 1948 1081 1986 Β.
1100 1960 1139 1998 9.
1160 1952 1344 1994 ἐκκλησιῶν
1364 1954 1432 1986 τοῦ.

410 2028 468 2062 περ
487 2013 544 2049 καὶ
566 2011 696 2061 Πέτρος.
1082 2026 1141 2051 10.
1161 2016 1299 2064 ἀριθμοῦ
1319 2019 1382 2051 τῶν
1400 2018 1465 2052 ἀπ.
1488 2019 1559 2052 ε’κκ.

304 2090 363 2115 ιο.
384 2080 436 2115 νὺν
454 2081 504 2115 τὸ,
1081 2089 1096 2114 1
1108 2090 1142 2115 1.
1163 2080 1284 2123 πλῆθος
1302 2091 1380 2115 om.

309 2156 366 2181 ιι.
387 2142 474 2186 οὗτος
492 2156 571 2180 om.
1038 2144 1083 2180 C.
1105 2154 1144 2191 4.
1165 2143 1203 2180 τὸ
1223 2147 1267 2187 εἷς
1285 2144 1355 2188 τὴν.

261 2210 304 2247 Β.
326 2220 366 2256 4.
387 2208 420 2246 δὲ
439 2208 489 2245 ὅτι
509 2210 567 2253 τὴν
585 2210 675 2256 faus-¹.
1108 2220 1144 2256 5.
1166 2210 1354 2253 ὑποστῆσαι
1379 2210 1527 2258 περιττὸν
1553 2209 1644 2257 ἡγεῖ-

328 2274 365 2311 8.
386 2274 612 2319 Ἀποκάλυιὶιίς
631 2277 737 2311 ἐστιν.
1189 2279 1262 2311 ταῒ·
1294 2272 1348 2317 αἶς
1372 2276 1567 2320 ἐκκλησίαις
1589 2275 1647 2311 καὶ

305 2351 317 2376 1
336 2352 363 2376 1.
385 2340 552 2388 καθόπαρ.
1192 2343 1285 2388 ἰσαρ.

305 2417 364 2442 12.
385 2410 441 2442 τοῦ
462 2409 605 2454 Χριστοῦ
624 2407 805 2454 ἐμφαίνων.
1103 2404 1139 2442 8.
1160 2405 1225 2441 ἀπὸ
1243 2406 1258 2441 ὃ
1278 2404 1331 2441 ὢν.

261 2472 310 2509 D.
331 2471 366 2508 8.
387 2475 463 2508 ἐστι
483 2483 562 2507 om.
1086 2482 1095 2506 1
1112 2481 1144 2506 1.
1166 2472 1359 2516 ἶσοδυναμεῒ
1372 2471 1423 2506 τὸ.

308 2550 318 2575 Ι
334 2549 364 2574 1.
385 2542 431 2584 τῷ
450 2536 546 2584 ἐχθὲς
563 2535 838 2584 παρατεινομένῳ.
1085 2546 1143 2571 12.
1164 2535 1254 2582 ἡμῶν
1274 2534 1390 2583 λέγων.

308 2615 366 2640 12.
387 2605 446 2640 ἐὰν
463 2602 510 2649 μὴ
530 2614 608 2638 om.
695 2601 733 2637 τὸ
753 2604 851 2638 ἀποκ.
1038 2600 1086 2637 D.
1107 2611 1146 2650 9.
1167 2603 1260 2647 αὐτῷ
1278 2597 1456 2643 δέξασθαι.

298 2668 365 2706 ult.
386 2671 424 2706 τὸ
443 2669 515 2718 πρὸς
532 2668 658 2704 καταδ.
925 2667 1019 2715 649,
1043 2667 1086 2703 Α.
1107 2666 1143 2703 8.
1165 2671 1230 2709 τοῖς
1250 2668 1345 2713 emp..
1364 2664 1415 2703 ὅτι
1435 2678 1512 2703 om.

151 2736 245 2785 647,
262 2734 309 2773 A.
334 2746 347 2771 1
358 2762 365 2770 .
386 2735 600 2781 ἀποδιπομπ.
1103 2743 1141 2779 9.
1161 2733 1347 2778 σύμπαντα
1359 2732 1446 2775 δῆλα
1458 2732 1515 2768 καὶ
1528 2732 1564 2778 δὴ
1577 2732 1646 2768 καὶ.

262 2800 311 2837 D.
329 2798 366 2836 6.
388 2800 599 2844 ἀκουστικὴν.
1084 2807 1145 2832 10.
1167 2799 1334 2844 εὐλογεῖτε
1355 2808 1433 2832 om.

208 2903 381 2942 Eandem
403 2903 479 2941 fere
501 2903 720 2941 varietatem
744 2901 964 2953 suppeditat
984 2900 1079 2939 Cod.
1104 2901 1201 2951 Reg.
1222 2912 1313 2947 224.
