1826 3236
209 206 296 250 178
387 208 671 249 ΚΕΦΑΛΑΙΑ
700 207 815 247 ΤΗΣ
847 207 1108 247 ΙΩΑΝΝΟΎ
1137 207 1251 248 ΤΟΎ·
1281 206 1587 248 ΘΕΟΛΟΓΟΎ

210 337 255 371 ιη.
287 319 406 369 Λύσις
423 322 487 370 τῆς
509 318 613 370 ἕκτης
636 319 856 375 σφραγῖδος,
870 320 939 366 τὰς
961 320 996 359 ἐν
1016 321 1060 375 τῇ
1081 317 1278 376 συντελείᾳ
1298 318 1534 375 ἐπαγομένας
1550 320 1703 375 πληγὰς

265 389 513 444 σημαίνουσα.

208 459 248 499 ιθ.
287 457 380 513 Περὶ
417 461 490 499 τῶν
520 456 734 511 σωζομένων
769 458 811 497 ἐκ
846 459 994 511 πληγῆς
1024 460 1097 497 τῶν
1126 456 1321 514 τεσσάρων
1340 458 1546 516 Ἀγγέλων
1563 456 1703 515 χιλιά-

264 528 333 568 δων
352 527 440 583 ρμδ.

208 615 245 639 κ.
280 597 373 649 Περὶ
406 601 471 638 τοῦ
506 595 754 652 άναριθμῆτου
786 593 907 652 ὄχλου
940 599 1013 636 τῶν
1050 595 1091 647 ἐξ
1119 594 1223 637 ἐθνῶν
1254 598 1411 653 Χριστῷ
1441 598 1741 652 συμβασιλευ-5

265 666 426 708 σάντων.

208 754 273 779 κα.
304 735 424 784 Λύσις
445 739 508 786 τῆς
532 734 687 788 ἑβδόμης
711 735 931 792 σφραγῖδος,
954 735 1119 786 δηλοῦσα
1146 736 1363 791 ἀγγελικοὶς
1389 734 1559 789 δυνάμεις
1584 752 1703 792 προσ-

265 806 372 863 άγειν
393 807 484 861 Θεῷ
504 806 573 853 τοὶς
593 809 665 845 τῶν
685 803 807 860 οἱγίων
827 806 1044 861 προσευχὰς
1065 805 1113 854 ὥς
1134 804 1369 859 θυμιάματα.

207 877 274 928 κβ.
308 874 403 932 Περὶ
435 877 507 915 τῶν
538 875 633 914 ἑπτὰ
652 872 873 929 Ἀγγέλων,
896 870 943 914 ὦν
973 877 1038 915 τοῦ
1068 873 1214 930 πρώτου
1240 873 1514 924 σαλπίσαντος,
1533 874 1704 931 χάλαζα

264 945 329 986 καὶ
349 949 419 997 πῦρ
441 943 505 984 καὶ
527 942 625 996 αἷμα
648 942 705 983 ἐπὶ
727 945 790 993 τῆς
810 946 880 999 γῆς
901 943 1063 1000 φέρεται.
1724 961 1770 988 10

205 1031 274 1069 κγ.
317 1013 413 1069 Περὶ
447 1016 511 1054 τοῦ
550 1011 713 1069 δευτέρου
740 1011 952 1069 Ἀγγέλου,
986 1012 1028 1054 οὗ
1062 1012 1334 1063 σαλπίσαντος,
1358 1017 1428 1054 τῶν
1461 1015 1496 1055 ἐν
1529 1013 1703 1071 θαλάσσῃ

263 1082 451 1138 ἐμψύχων
472 1080 644 1123 ἀπώλεια
664 1081 823 1137 γίνεται.

204 1153 259 1193 κδ.
281 1153 332 1193 ‘O
353 1151 474 1207 τρίτος
487 1149 701 1207 ”Awana
723 1154 773 1194 τοὶ
793 1156 866 1194 τῶν
886 1156 1065 1207 ποταμῶν
1083 1147 1265 1210 πικραίνει
1288 1151 1422 1195 ὕδατα.

203 1238 260 1262 κε.
281 1219 333 1262 Ὁ
354 1221 532 1277 τέταρτος
545 1219 748 1278 ’Άγγελος
768 1222 811 1263 τὸ
832 1221 955 1277 τρίτον
975 1226 1040 1264 τοῦ
1062 1225 1220 1274 ἡλιακοῦ
1243 1222 1307 1264 καὶ
1334 1225 1559 1274 σεληνιακοῦ
1581 1222 1705 1274 Φωτός

261 1292 444 1344 σκοτίζει.
841 1286 844 1289 ’
1724 1306 1734 1332 ι
1745 1305 1768 1344 5

203 1378 266 1409 κς.
294 1360 392 1418 Περὶ
407 1364 471 1402 τοῦ
486 1359 657 1415 πέμπτου
671 1360 885 1417 Ἀγγέλου,
905 1362 969 1403 καὶ
990 1367 1062 1403 τῶν
1082 1363 1123 1403 ἐκ
1139 1360 1240 1418 γῆςὴ
1257 1361 1431 1413 ἀβύσσου
1448 1359 1705 1418 ἀνερχομένων

261 1435 394 1481 νοητῶν
411 1428 586 1486 ἀκρίδων,
610 1431 675 1472 καὶ
696 1433 762 1471 τοῦ
782 1429 951 1472 ποικίλου
973 1434 1035 1481 τῆς
1053 1434 1195 1487 μορφῆς
1216 1433 1350 1472 αὐτῶν.

204 1501 264 1552 κζ.
303 1499 399 1556 Περὶ
435 1503 500 1541 τοῦ
537 1497 644 1541 ἕκτου
671 1498 883 1554 Ἀγγέλου,
914 1499 979 1541 καὶ
1011 1505 1084 1542 τῶν
1116 1500 1173 1542 ἐπὶ
1204 1502 1257 1557 τῷ
1289 1499 1469 1558 Εὐφράτῃ
1501 1499 1704 1555 λυομένωνἰ

260 1568 467 1624 Ἀγγέλων
487 1569 670 1617 ἐπίλυσις.

204 1656 263 1689 κη.
297 1638 393 1691 Περὶ
425 1637 624 1694 Ἀγγέλου
659 1638 974 1695 περιβεβλημένον
1007 1638 1156 1693 νεφέλην
1193 1638 1258 1680 καὶ
1293 1638 1375 1693 ἶριν,
1410 1639 1474 1680 καὶ
1507 1639 1550 1681 τὸ
1590 1639 1705 1682 κοινὸν
1720 1653 1771 1680 20

262 1707 370 1757 τέλος
390 1707 668 1766 προμηνύοντος.

205 1778 259 1820 κθ.
287 1775 420 1827 ’Ὀπως
455 1777 497 1819 τὸ
529 1776 763 1833 βιβλιδάριον
799 1779 840 1818 ἐκ
874 1778 1000 1834 χειρὸς
1030 1781 1095 1819 τοῦ
1121 1776 1322 1834 Ἀγγέλου
1357 1780 1375 1819 ὃ
1404 1779 1706 1834 Εὖαγγελιστὴς

263 1846 420 1901 ε’ίληφεν.

206 1925 243 1957 λ.
276 1916 373 1972 Περὶ
393 1915 525 1973 Ἐνὼχ
548 1915 612 1957 καὶ
634 1916 760 1956 Ἠλία
781 1914 993 1971 διελέγχειν
1013 1914 1228 1969 μελλόντων
1250 1916 1311 1956 τὸν
1331 1915 1610 1972 Ἀντίχριστον.

206 1994 270 2026 λα.
293 1984 427 2034 ”Οπως
452 1983 696 2042 ἀναιρεθέντες
729 1987 795 2026 ὑπὸ
822 1988 887 2025 τοῦ
909 1983 1180 2041 Ἀντιχρίστου
1211 1984 1502 2035 ἀναστήσονται,
1527 1983 1591 2025 καὶ
1623 1984 1705 2033 τοὺς
1722 1998 1770 2039 25

263 2056 515 2109 ἠπατημένους
541 2052 836 2105 ἐκπλήξουσινὶί.

206 2125 272 2176 λβ.
318 2124 412 2180 Περὶ
447 2127 508 2173 τῆς
549 2121 723 2178 ἑβδόμης1
759 2122 996 2179 σάλπιγγος,
1030 2123 1095 2164 καὶ
1131 2127 1204 2164 τῶν
1240 2124 1446 2178 ὑμνούντων
1481 2126 1535 2180 τῷ
1571 2125 1706 2180 Θεῷῃη

265 2191 386 2249 ἁγίων
408 2193 464 2233 ἐπὶ
485 2195 530 2249 τῇ
553 2191 746 2249 μελλούσῃ
769 2191 904 2249 κρίσει.

207 2272 275 2317 λγ.
309 2262 404 2317 Περὶ
432 2267 504 2303 τῶν
525 2263 698 2318 διωγμῶν
718 2265 782 2312 τῆς
803 2261 1008 2313 ἐκκλησίας
1031 2267 1103 2304 τῶν
1129 2261 1328 2319 προτέρων,
1351 2262 1416 2303 καὶ
1447 2266 1520 2304 τῶν
1551 2262 1607 2304 ἐπὶ
1640 2265 1706 2304 τοῦ

263 2331 544 2388 Ἀντιχρίστου.
1719 2349 1772 2388 30

208 2401 267 2441 λδ.
298 2401 395 2455 Περὶ
425 2404 489 2441 τοῦ
509 2398 707 2455 γενομένου
730 2399 896 2454 πολέμου
917 2401 1063 2454 μεταξὺ
1083 2405 1156 2441 τῶν
1177 2399 1529 2456 άγίωνἈγγὲλων,
1548 2400 1612 2441 καὶ
1632 2405 1706 2442 τῶν

266 2473 424 2523 πονηρῶν
446 2469 642 2522 δυνάμεων,
665 2469 729 2509 καὶ
754 2471 815 2518 τῆς
837 2468 1117 2517 καταπτῶσεως
1136 2472 1202 2509 τοῦ
1223 2468 1434 2524 δράκοντος.

208 2546 266 2579 λε.
286 2535 421 2585 (Όπως
443 2539 460 2577 ὁ
481 2536 627 2593 δράκων
648 2535 786 2578 διώκων
807 2539 869 2587 τὴν
891 2536 1099 2587 ἐκκλησίαν
1120 2540 1159 2579 οὖ
1178 2537 1354 2580 παύεται.

208 2615 272 2652 λς.
309 2606 405 2661 Περὶ
439 2610 504 2647 τοῦ
535 2605 651 2662 θηρίου
682 2611 746 2647 τοῦ
777 2605 930 2663 ἔχοντος
962 2606 1105 2663 κέρατα
1142 2606 1260 2648 δέκαἠ
1290 2607 1355 2648 καὶ
1392 2608 1560 2662 κεφαλὰς
1592 2605 1701 2648 ἑπτά.

268 2673 313 2715 ὧν
333 2673 424 2727 μίαν
444 2676 491 2723 οὖς
513 2675 752 2731 ἐσφαγμένην
776 2674 854 2728 ἔφη.
1718 2688 1769 2727 35

212 2745 271 2794 λζ.
306 2743 401 2799 Περὶ
422 2743 543 2799 ἑτέρου
566 2742 711 2799 θηρίουο
731 2743 790 2785 δύο
813 2743 958 2799 κέρατα
979 2743 1144 2800 ἔχοντος,
1165 2745 1228 2786 καὶ
1248 2747 1300 2801 τῷ
1320 2744 1454 2801 πρώτῳ
1471 2744 1552 2792 τοὺς
1569 2742 1704 2800 ἀνθρώ-

270 2820 386 2859 πουςὶ)
407 2812 677 2868 προσάγοντος.

269 2905 290 2933 h
309 2909 366 2951 Τῆς
386 2908 473 2945 Bar.
610 2908 619 2937 i
640 2913 813 2958 λουομένων
835 2911 920 2949 Bar.
952 2912 1122 2961 δεδεμένων
1142 2911 1180 2949 in
1202 2925 1296 2950 sacr.
1319 2919 1409 2950 text.
1539 2909 1559 2934 ¹¹
1579 2911 1703 2957 ἐκπλή-

213 2959 323 3003 «femur
345 2962 431 2998 Bar·
516 2961 527 2989 1
547 2964 684 3013 ἑβδόμης
703 2978 780 3002 om.
796 2966 886 3004 Bar.
972 2973 1005 2993 m
1024 2969 1079 3004 τὸν
1097 2968 1179 3005 Θεὸν
1199 2967 1287 3004 Bar.
1374 2973 1395 2992 n
1415 2964 1495 3003 ’δέκα
1514 2978 1592 3003 om.
1611 2966 1701 3003 Bar.

213 3021 233 3041 0
253 3017 322 3064 θηρ.
343 3016 429 3065 ἑτέρ.
452 3016 538 3053 Bar.
652 3025 672 3054 P
692 3024 747 3056 τοῦ
767 3022 928 3070 ἀνθρώπου
946 3021 1037 3058 Bar.
