1826 3236
209 194 296 235 588

270 310 527 360 σκιαζόμενος
558 308 629 350 τὸν
662 311 757 351 νοῦν
790 310 930 351 ὀδυνᾶ-

272 383 348 408 ται.
385 367 449 408 καὶ
479 368 557 421 γὰρ
592 366 656 408 καὶ
689 371 803 409 πᾶσα
837 368 934 410 ὑπό-

270 429 399 478 ληψις
415 425 643 479 ἀνθρωπίνη
664 425 820 480 ταχέως
835 443 933 468 παυ-

271 482 398 524 σέται.
432 483 479 524 οὐ
508 483 587 536 μὴν
617 483 662 525 τὸ
689 485 835 538 λόγιον
865 487 935 526 τοῦ

272 544 384 583 Θεοῦ
416 543 579 584 παύλαν
608 543 708 583 ποτὲ
738 542 930 596 λήψεται,

272 599 382 642 ἀλλὰ
413 604 639 654 παραμενεῖ
666 601 856 642 δεικνύων
887 602 931 642 ἀ-

270 659 495 710 ληθεύοντα
546 661 616 710 τῆς
666 659 935 713 ἐπαγγελειας

272 717 328 760 εἰς
349 718 487 758 αἰῶνα.

212 787 284 829 50,
310 787 347 816 2.
369 774 553 829 χόρτου,]
577 776 721 831 χόρτῳ.

212 847 284 888 50,
305 845 342 875 2.
365 834 483 888 ἄνθη]
511 834 638 876 ἄνθει.

211 905 283 945 50,
305 904 348 944 4.
373 892 587 947 ἐκπίπτει,]
614 892 801 946 ἐκρίπτει.

211 962 283 1004 50,
306 949 344 990 8.
362 948 567 1006 Ἀνωθεν]
586 948 773 993 ’Άνωθεν
794 950 912 1004 φησὶ.

211 1018 283 1063 50,
306 1021 347 1063 9.
371 1009 484 1064 ἰδὼν]
512 1010 634 1053 εἷὸὣς.

211 1079 284 1121 50,
308 1079 348 1121 9.
373 1067 499 1122 ὅλων]
525 1067 641 1109 ὅλον.

211 1138 286 1181 50,
314 1124 379 1166 18.
402 1124 612 1181 Σευήρου.]
638 1123 816 1179 Σευήρου
836 1123 931 1178 Ἀρ·

269 1184 538 1237 χιεπισκόπου
587 1182 840 1238 Ἀντιοχείας
891 1185 934 1224 ἐκ

271 1244 339 1293 τῆς
378 1241 479 1295 πρὸς
523 1243 671 1285 Νικίαν
713 1242 934 1284 ἐπισκόπου

273 1300 502 1352 ἐπιστολῆς.

214 1372 285 1414 50,
316 1358 378 1399 18.
402 1359 594 1414 ἀμείνων]
620 1360 784 1412 ἀμείνω.

213 1427 285 1471 50,
310 1429 378 1468 24.
402 1418 630 1474 ἀρτιγεννῆ]
658 1416 858 1471 ἀρτιγενὴ.

214 1486 284 1530 50,
314 1474 368 1516 ad
390 1490 497 1517 vers.
523 1488 562 1519 2.
589 1476 676 1528 Τὴν
699 1475 935 1530 στοιχειώδη

272 1541 349 1574 etc.
383 1533 491 1575 Vide
512 1549 553 1591 p.
578 1548 649 1591 91.
674 1532 700 1575 l.
723 1543 764 1590 5.

215 1602 286 1647 51,
314 1605 349 1633 1.
371 1597 556 1646 ψαλμου.

214 1664 287 1705 51,
307 1649 359 1690 ad
383 1665 488 1692 vers.
514 1664 554 1695 2.
586 1649 645 1692 Τὸ
677 1653 788 1692 θεῖον
821 1653 936 1703 σῶμα

275 1708 339 1749 καὶ
359 1710 456 1760 αἵμα
474 1712 743 1761 μεταλαβετε.

214 1777 286 1821 51,
310 1777 351 1822 5.
372 1767 647 1823 Τὴν-Θεοῦ]
673 1781 756 1808 0111.

212 1836 286 1880 51,
321 1837 360 1879 7.
400 1828 484 1867 Τοῦ
529 1826 645 1880 ἁγίου
692 1823 928 1879 Βασιλείου]

272 1897 355 1924 0111.

214 1952 286 1997 51,
311 1955 351 1998 9.
374 1941 420 1997 ἡ]
443 1956 526 1985 om.

212 2010 286 2055 51,
314 2012 378 2043 12.
401 1999 464 2057 ὃς]
488 2001 605 2042 ὅσον.

213 2072 285 2114 51,
312 2069 377 2112 15.
415 2059 610 2115 δόγματα]
648 2060 830 2113 δόγματα
862 2057 938 2100 Ἦ-

273 2115 405 2158 σαΐου.

213 2186 284 2230 51,
310 2187 377 2216 21.
402 2174 593 2233 ἐγενήθη]
620 2175 853 2230 ἐγεννήθην.

214 2245 286 2288 51,
309 2246 382 2289 33.
406 2234 501 2289 μὲν]
525 2235 602 2286 μὲν
623 2235 708 2276 οῦν.

214 2302 285 2346 52,
314 2292 413 2347 5-8.
466 2292 933 2350 ἄθρει-καταισχυνθῇ]

272 2365 355 2391 0111.

213 2418 287 2463 52,
315 2421 379 2450 12.
404 2407 477 2463 ὢν]
505 2406 565 2449 ὃν.

213 2476 286 2521 52,
314 2480 379 2520 14.
401 2466 618 2523 τυφλώσῃ]
642 2467 865 2520 τυφλώσει.

213 2537 286 2580 52,
313 2537 381 2579 14.
403 2524 512 2579 τοὺς]
538 2525 630 2568 τοὺς
651 2524 762 2569 τέως.

214 2594 287 2637 52,
312 2595 381 2625 21.
405 2584 466 2638 ἐν]
495 2583 539 2624 ἐν
560 2587 653 2626 τοῖς.

211 2652 285 2695 52,
306 2653 374 2684 22.
392 2641 662 2696 προφητείαν]
685 2642 936 2696 προφητείαν

271 2697 461 2741 “Ησαΐου.

215 2766 289 2812 52,
314 2758 382 2800 28.
405 2757 523 2812 ὑμᾶς]
548 2756 662 2810 ἡμᾶς.

213 2827 286 2870 53,
310 2825 376 2870 25.
400 2814 641 2871 κληθέντας]
667 2815 894 2867 κληθέντες.

213 2885 286 2927 54,
310 2873 347 2913 8.
386 2872 596 2928 Σευήρου.]
632 2873 808 2928 Σευήρου
838 2873 933 2916 Ἀν-

274 2931 461 2985 τιοχείας.

212 3001 287 3043 54,
312 3000 350 3032 2.
376 2988 593 3045 κτίσματα]
618 2991 776 3043 κτίσμα.

448 195 637 237 VARR.
662 195 897 239 LECTT.
923 196 1065 238 COD.
1090 195 1288 238 COISL.
1317 194 1475 237 XXV.

990 318 1064 365 54,
1084 321 1124 364 3.
1146 308 1225 351 ὑπὸ
1248 308 1378 367 Θεοῦ]
1401 307 1464 351 ὑπ’
1483 308 1615 350 αὐτοῦ.

990 380 1064 422 54,
1083 375 1123 422 5·
1145 365 1189 423 ἢ]
1213 382 1297 408 om-

989 436 1064 481 54,
1084 438 1150 467 10.
1177 424 1352 481 ἆποχήν]
1381 425 1601 480 ἀποδοχήν.

992 496 1067 539 54,
1093 495 1159 524 21.
1186 482 1253 539 τὸ]
1276 484 1324 525 τὶ.

993 551 1064 597 54,
1091 553 1156 597 23.
1180 541 1267 599 οὓς]
1290 541 1362 585 οἳς.

993 610 1066 656 55,
1086 612 1130 652 4,
1152 600 1241 655 τοῦ]
1265 614 1349 641 0111.

993 670 1067 714 55,
1091 659 1132 699 6.
1167 656 1290 710 Ῥητὰ
1316 657 1593 713 προκείμενα]
1626 655 1716 709 Ῥη-

1052 719 1122 757 τοῦ
1143 716 1419 770 προκειμένου.

992 785 1065 831 55,
1088 787 1153 816 ΙΙ.
1177 773 1429 830 ἀπολαβεῖν]
1453 774 1690 816 ἀπολαύειν.

992 846 1019 889 5
1022 847 1064 890 5,
1103 845 1169 875 12.
1217 833 1449 888 ἄρχουσιν,]
1504 832 1715 887 ἄρχουσιν,

1051 889 1285 933 ὑποτάττων
1304 892 1519 933 δείκνυσιν.

992 959 1065 1006 55,
1094 950 1156 991 18.
1192 949 1455 1007 ἐληλυθέναι]
1495 948 1717 1002 ἐλληλυθέ-

1053 1025 1132 1050 ναι.

993 1077 1020 1123 5
1023 1077 1066 1122 5,
1092 1080 1158 1123 19.
1180 1065 1340 1123 ἴδωσιν]
1364 1067 1538 1108 εἴδωσιν.

994 1139 1020 1181 5
1023 1137 1070 1181 5,
1087 1126 1153 1167 28.
1176 1124 1436 1181 περιτροπὴν]
1460 1123 1703 1178 προτροπὴν.

993 1195 1020 1240 5
1023 1193 1066 1239 5,
1086 1196 1157 1239 32.
1179 1184 1274 1239 οὐχ]
1301 1183 1402 1238 οὐχὶ.

994 1255 1070 1298 55,
1091 1255 1160 1298 34.
1199 1241 1486 1297 ἀνακρούουσι]
1525 1241 1718 1294 ἀνακρού-

1054 1317 1141 1342 ωσι.

994 1360 1068 1415 56,
1090 1371 1130 1411 4.
1155 1358 1221 1415 ἂν]
1250 1359 1337 1401 ἐὰν.

994 1419 1067 1473 56,
1094 1418 1158 1459 18.
1183 1417 1282 1475 Καὶ]
1305 1431 1387 1458 0111.

994 1477 1068 1532 56,
1090 1489 1158 1520 20.
1190 1474 1376 1532 οἵκεται,]
1407 1476 1571 1527 οἵκεται,
1595 1475 1650 1518 εἰς
1670 1473 1717 1516 τὸ

1053 1533 1223 1589 ἀγάθον.

994 1594 1068 1648 56,
1093 1606 1159 1648 29.
1182 1593 1249 1650 οὗ]
1273 1593 1335 1636 οὗ.

994 1664 1067 1706 57,
1093 1663 1133 1694 2.
1157 1649 1341 1707 ἔχοντες]
1367 1650 1545 1705 ἔχοντος.

994 1721 1068 1766 57,
1090 1709 1129 1749 6.
1150 1708 1255 1766 Τοῦ]
1278 1712 1362 1750 Τοῦ
1384 1709 1499 1762 ἁγίου
1526 1707 1718 1750 Ἰωάννου

1053 1784 1135 1808 του.

994 1836 1068 1881 57,
1091 1834 1130 1879 7.
1152 1823 1390 1881 ὑπακούετε]
1415 1825 1673 1867 ὑπακούεται.

995 1896 1068 1940 57,
1096 1895 1162 1924 12.
1184 1882 1321 1940 τοῦτο]
1345 1886 1461 1926 τοῦτο
1482 1884 1624 1937 φησὶν.

995 1954 1069 1998 57,
1095 1954 1160 1997 15.
1185 1943 1382 1997 Χριστοῦ]
1410 1944 1536 1984 Θεοῦ.

994 2011 1069 2056 57,
1092 2012 1159 2044 20.
1184 2000 1310 2058 ἔχεις]
1336 2000 1441 2055 ἔχης.

995 2070 1068 2114 57,
1093 2071 1160 2115 23.
1183 2059 1265 2101 Καὶ
1285 2057 1427 2115 πάλιν]
1449 2073 1534 2100 0111.

995 2130 1070 2173 57,
1094 2129 1163 2173 23.
1185 2117 1344 2173 πιστὸς]
1371 2115 1513 2160 πιστὸς
1530 2115 1570 2168 ἤ.

996 2185 1051 2232 57
1057 2208 1070 2226 ,
1103 2188 1173 2231 23.
1215 2176 1457 2231 ἐλεύθερος]
1509 2174 1720 2227 ἐλεύθερος

1057 2251 1172 2275 ειναι.

997 2301 1069 2348 57,
1095 2301 1164 2348 25.
1187 2292 1378 2334 ἀπιστίαν
1422 2291 1572 2333 πίστιν.

996 2350 1070 2406 58,
1090 2363 1134 2406 3.
1157 2350 1369 2403 αὐτόνομοι
1416 2350 1538 2392 αὐτὸν
1556 2349 1635 2402 μοὶ.

997 2409 1070 2464 58,
1098 2421 1161 2463 15.
1184 2407 1396 2465 Σευήρου.]
1425 2407 1603 2462 Σευήρου
1621 2406 1716 2461 Ἀρ-

1055 2478 1287 2522 χιεπισκοπ.
1310 2466 1438 2509 Ἀντι.
1462 2468 1507 2508 ἐκ
1526 2469 1597 2508 τοῦ
1619 2467 1720 2507 κατὰ

1057 2525 1283 2567 Ἰουλίανου
1305 2524 1595 2579 συντάγματος.

994 2583 1069 2639 58,
1104 2593 1173 2637 17,
1221 2584 1515 2638 πλημμελείας]
1566 2587 1720 2635 πλημε-

1054 2642 1179 2687 λείας.

996 2700 1069 2755 58,
1095 2714 1162 2756 19.
1187 2700 1391 2756 χίμαρος,]
1416 2700 1647 2754 χείμαρρος.

996 2759 1070 2813 58,
1095 2772 1164 2815 19.
1185 2759 1402 2813 ἁμαρτιῶν]
1429 2758 1632 2811 ἁμαρτίας.

995 2817 1069 2872 58,
1094 2829 1159 2870 24.
1182 2816 1402 2874 μώλωπας]
1425 2817 1632 2868 μώλοπας.

995 2875 1069 2930 58,
1093 2887 1159 2928 27.
1181 2875 1396 2928 μώλωπες]
1418 2875 1630 2917 πώλωπες.

995 2932 1069 2988 58,
1094 2944 1144 2987 27
1152 2965 1160 2974 .
1184 2933 1324 2991 αὐτοῦ]
1348 2933 1468 2975 αὐτοῦ
1488 2933 1615 2985 ἡμεῖς.

996 2990 1069 3046 58,
1090 3004 1159 3047 31.
1183 2991 1318 3046 τιμὴν]
1343 2991 1480 3044 τομὴν.
